2496 4718
1060 181 1126 251 217
1142 216 1145 221 ·

104 362 164 427 tci
208 345 705 436 hitliniexplicntiono
743 361 777 414 et
816 347 1128 437 adplicntionc,

104 463 275 553 epulari
302 458 467 547 quidem
495 467 535 518 et
568 455 617 519 ud
648 474 768 520 unam
798 476 1131 527 snmmsrnsom·

104 570 218 637 esitii
238 564 290 652 ³²).
336 562 413 652 [Cui
439 561 567 647 quidem
598 558 800 646 eloquentiae
829 559 897 625 chr.
927 566 1039 649 generi
1065 564 1130 631 Pe·

104 674 209 742 ¹bolos
228 669 452 737 commendent
468 668 565 729 etiam
587 664 831 731 Ammonius
852 666 914 751 ³³),
942 667 1130 743 Benerns

104 784 169 870 ips.
190 785 258 860 ³⁴),
288 772 615 865 sotnnidtus³⁵).]
659 771 700 835 Et
730 770 857 858 quidem
886 794 966 837 une
992 773 1133 866 ὁμιλίᾳ

104 900 211 952 stam
236 877 523 967 complectare
551 873 659 955 Pan,
686 899 753 942 non
775 898 922 945 seorsum
944 878 1135 953 attererem
1229 956 1234 969 2

104 1000 294 1058 nstrnntem
308 1001 460 1071 tanquam
478 982 659 1060 historiam,
680 979 734 1049 vel
750 985 832 1048 adeo
853 985 1050 1073 singularem
1064 1006 1136 1057 tnn-

104 1120 149 1165 .m
164 1097 261 1180 hujus
281 1104 405 1180 partem
427 1092 477 1175 (ut
493 1087 644 1153 Stillerus
667 1086 737 1175 ol),
758 1087 861 1155 alterni
879 1102 948 1158 r'em
968 1080 1136 1163 illustranss
1162 1098 1170 1107 '

104 1224 160 1271 {m
182 1200 288 1267 solem
307 1197 361 1262 vel
374 1197 456 1262 adeo
468 1192 667 1280 singularem
689 1196 760 1280 ejus
780 1200 939 1264 rationem
960 1201 1008 1283 (ut
1022 1201 1146 1285 Eyler-.

104 1309 171 1395 ts),
207 1307 267 1372 sed
293 1315 442 1369 cunctam
468 1312 636 1386 utramque
664 1303 772 1388 itaque
800 1314 901 1370 totam
929 1303 1136 1377 collationem
1169 1296 1184 1339 ⁸·

104 1424 239 1505 ‚nquam
259 1408 476 1488 collationem,
498 1418 534 1470 nt
554 1405 747 1472 totius-Par.
770 1413 932 1474 sententia
950 1423 983 1475 et
1002 1414 1053 1478 ris
1070 1427 1140 1481 tota

104 1523 280 1608 excipiatur
307 1538 328 1581 a
354 1516 520 1579 concione·
561 1509 631 1590 „At
658 1533 735 1578 num
761 1535 829 1579 nna
850 1511 953 1607 ὁμιλίᾳ
973 1520 1142 1607 complecti

104 1642 187 1693 »tam
204 1622 372 1714 poterol“
409 1617 554 1697 Poteris,
575 1619 733 1705 siqnidem
754 1619 852 1685 talem
872 1644 1048 1710 componas
1067 1630 1141 1693 orei

104 1753 227 1811 onem,
257 1751 338 1816 qnae
367 1728 478 1792 stricte
500 1737 652 1811 sequatur
678 1722 753 1789 Par.
774 1730 929 1817 cujusque
955 1742 987 1793 et
1009 1746 1140 1809 senten-¹

105 1860 169 1905 am
196 1848 231 1901 et
247 1832 400 1927 indolem.
440 1823 573 1899 Nullam
600 1833 686 1895 enim
711 1834 746 1896 in
768 1830 856 1919 expl.
879 1846 914 1897 et
931 1834 1017 1921 adpl.
1040 1838 1142 1905 aditui-

104 1966 182 2014 cere
208 1940 284 2009 licet
309 1941 519 2018 sententiam,
549 1959 631 2025 quae
657 1959 723 2003 non
750 1939 791 2002 ed
819 1941 1142 2029 interpretatio·

104 2073 183 2121 ,em
202 2046 527 2115 strictissimam
547 2043 704 2126 veliunt,
720 2043 775 2110 vel
794 2043 939 2141 fecilect
950 2069 1051 2137 prope
1064 2072 1144 2117 con·

106 2168 254 2244 equatur.
295 2157 405 2239 ltaque
424 2146 547 2237 'imago
573 2164 696 2216 tantum
728 2173 769 2215 eo
799 2172 902 2236 usque
928 2157 1143 2243 expingendo,

104 2263 223 2329 :ollatio
245 2282 284 2325 eo
307 2280 410 2344 usque
431 2257 651 2332 extendenda,
679 2277 743 2341 qno
764 2256 917 2323 adhibitis
938 2259 1146 2350 Antiquitati-

104 2391 154 2435 »us
178 2366 377 2450 reliquisque
408 2361 562 2426 subsidiis
586 2382 645 2448 per
670 2364 814 2427 rationes
842 2368 1026 2448 exegeticus
1054 2368 1146 2441 liceis

106 2496 128 2539 n
153 2469 382 2555 adplicandnm
408 2486 487 2531 vero
521 2479 596 2530 tuae
622 2468 789 2533 concionis
812 2468 926 2535 usibus
953 2468 1149 2541 Parabolam
1176 2484 1180 2489 '

104 2600 136 2645 aa
163 2584 288 2639 tantum
311 2585 386 2636 sunt
409 2573 620 2651 assumenda,
647 2594 730 2658 quae
755 2571 830 2638 Par.
851 2576 916 2662 ipsi
936 2573 989 2640 rol
1011 2574 1148 2644 subsunt

104 2682 149 2752 rel
175 2691 291 2769 sponte
316 2680 409 2767 quasi
438 2700 513 2744 sese
538 2678 718 2764 adplicant3
749 2702 888 2768 namqne
905 2702 986 2768 quac
1005 2697 1055 2749 ost
1073 2686 1145 2749 Per.
1229 2750 1233 2763 ,

104 2795 251 2876 :ujusque
280 2798 395 2849 nature
421 2785 635 2865 universalis,
664 2782 760 2849 facile
782 2789 1007 2872 etimeginem
1028 2802 1060 2853 et
1079 2787 1149 2855 col-

104 2899 251 2963 ationem
278 2895 314 2956 in
344 2906 432 2956 tuam
456 2894 660 2980 potissimum
687 2893 875 2958 concionem
897 2897 1026 2980 1poteris
1045 2910 1150 2965 nuns-

104 3084 311 3101 nfl—-um———n

104 3187 231 3237 mittentes
251 3185 294 3233 vel
317 3183 382 3232 adeo
399 3183 543 3245 negantes,
567 3178 670 3228 nonnisi
689 3179 860 3245 „continuam
880 3182 934 3233 loci
951 3184 1151 3245 explicationem

104 3283 128 3329 et
148 3275 260 3337 stipite.“
279 3281 403 3338 poscunt,
424 3272 510 3332 itnqne
534 3270 763 3331 patrioticam
784 3271 872 3334 potins
890 3266 996 3343 ὁμιλίαν
1013 3276 1151 3327 etiamnum

104 3364 289 3420 commendent.
320 3389 353 3402 -
395 3363 439 3424 32)
466 3364 506 3412 De
534 3361 639 3410 nomine
666 3367 693 3411 et
725 3362 833 3412 notione
858 3356 965 3431 ὅμιλιας
988 3367 1022 3419 cl.
1049 3372 1150 3429 praeter

104 3459 374 3509 l'srehirnerum
391 3456 423 3504 (ie
440 3453 503 3505 cler.
520 3453 586 3505 eccl.
605 3452 660 3503 vel.
677 3454 755 3506 oreti.
775 3456 870 3501 Comm.
889 3456 912 3517 1,
932 3469 957 3515 p.
975 3458 1052 3516 vlll;
1070 3460 1106 3521 ll,
1125 3476 1151 3521 p

104 3554 147 3602 lv.
169 3551 195 3599 et
212 3545 421 3598 Ammoninm
441 3544 512 3596 Huc.
532 3544 559 3595 d.
579 3541 641 3593 Aul.
658 3542 913 3595 alienationum.
932 3545 975 3594 ece
990 3546 1071 3613 Ausg.
1090 3551 1152 3598 eto.

104 3642 135 3693 S.
152 3641 205 3702 24„
229 3640 297 3702 inpr.
323 3632 484 3687 Schmin:
507 3634 579 3692 „Die
603 3633 738 3685 Honestam
764 3634 794 3688 S.
816 3636 884 3698 iffi
905 3635 971 3699 iff-
990 3636 1152 3698 quiquidem

104 3730 191 3781 s.1t.
217 3728 255 3777 iio
272 3727 359 3775 definit
376 3720 465 3792 δμὼς
492 3726 571 3787 ‚,eius
589 3723 795 3789 fortlanfemls,
814 3728 871 3774 eine
885 3724 1034 3788 Hnuptidec
1053 3728 1153 3777 durcle-

104 3818 235 3885 fe'inrende
262 3818 353 3880 popul.
384 3812 461 3866 Erkl.
500 3828 527 3863 u.
563 3814 721 3877 urzgcenrhte
757 3815 880 3865 Anwend.
915 3820 986 3864 einer
1016 3818 1155 3869 ree'cltknlt.

105 3910 219 3956 krirzern
244 3909 284 3960 od.
310 3907 421 3968 liingern
448 3904 631 3969 Sclrs'stutcllc
648 3907 718 3953 nach
736 3908 760 3956 d.
780 3906 859 3970 Fulge
878 3906 949 3954 ihrer
971 3906 1104 3958 Inialte‘ss
1121 3888 1157 3947 :—

106 3999 154 4063 33)
169 3997 239 4049 Hic.
256 3997 283 4045 8.
304 3997 362 4045 102.
382 4021 415 4032 -
450 3992 496 4061 at)
518 3995 715 4060 Parngrnplnen
738 3998 781 4046 als
811 3988 921 4046 Grandi.
939 4013 965 4045 z.
985 3996 1056 4049 Vorl.
1070 3998 1115 4048 rib.
1131 4000 1157 4046 α.

106 4088 252 4142 comneni
270 4086 336 4152 ιρι.
357 4089 418 4137 ssa.
437 4087 460 4146 i.
481 4086 525 4145 so.
543 4111 578 4125 -
615 4085 662 4153 35)
689 4088 717 4141 o.
734 4090 768 4140 rs
780 4089 818 4152 ff.
836 4113 870 4126 .-
