2496 4718
132 108 200 183 Μ)

133 278 354 369 exeusplurlur
387 274 550 343 Pambolu
581 296 731 365 quaeqae
761 292 801 345 et
835 286 952 351 eoueio
974 300 1012 349 tus

135 402 233 454 santo
255 408 369 451 norma
391 400 485 471 atquo
508 382 686 471 exemplar.

220 494 266 557 At
293 496 470 557 occurritur
498 512 590 555 cocao
615 490 656 555 de
684 488 769 575 ὁμιλ.
792 495 981 579 parabolica

134 600 232 665 talem
254 600 433 665 orationem
449 616 546 661 unam
566 611 690 659 tantum
707 599 825 685 itaque
843 602 946 666 semel
959 606 1013 667 dcu

134 706 211 769 Par.
238 708 360 791 poteris
391 700 528 775 babere3
562 720 666 787 neque
701 702 780 767 talis
815 708 1009 772 ornabitora

135 814 208 877 aovi
222 810 325 873 nostri
341 806 561 871 concionibus.
596 804 763 872 Posterius
786 810 854 875 boo
872 817 955 899 quod
973 820 1046 889 attinet

135 940 199 983 uuo
224 920 294 1001 jam
323 917 363 978 de
391 912 469 995 ὅμιλ.
499 918 653 978 univorsa
682 934 786 998 nuper
812 922 1021 1004 responditis
1046 922 1052 937 ⁰

135 1046 196 1089 uos
225 1022 277 1087 blo
305 1022 345 1085 do
374 1016 559 1105 parabolica
582 1018 780 1105 singulatim.
828 1026 874 1087 lit
903 1025 1052 1113 populariis

134 1133 207 1197 dem
230 1124 415 1193 bominibus
437 1125 635 1189 nostratibus
661 1146 733 1188 euru
756 1132 941 1197 etiamnum
967 1150 992 1196 et
1007 1152 1051 1217 opo

134 1248 168 1299 ot
193 1246 337 1317 grutam,
367 1252 419 1295 res
450 1228 592 1315 loquitur
620 1246 652 1295 et
680 1237 911 1317 experientia3
941 1252 1016 1325 atquc

134 1340 279 1405 urbanae
304 1338 401 1401 etiam
428 1339 593 1400 concionis
616 1352 736 1423 'ranem
758 1338 931 1423 alliciant,
959 1348 1039 1429 arripi

133 1460 171 1511 at
191 1444 438 1531 εὐαῃελὸζωηαι
463 1463 543 1528 prae
569 1442 719 1507 omuibus
743 1448 784 1509 sit
811 1452 1002 1515 curandum:
1021 1452 1057 1513 ila

133 1552 225 1617 nulla'
252 1562 304 1613 est
332 1547 390 1613 illa
419 1552 650 1613 controversia.
693 1547 759 1613 Sed
788 1551 934 1621 alterius
961 1572 1021 1621 cont

134 1658 230 1735 Quis,
250 1676 384 1741 quaeso,
405 1654 457 1718 vel
472 1653 722 1719 cultissimorum
735 1656 1037 1751 stultissimammque
1050 1660 1062 1675 ''

132 1762 312 1828 Parabolos
339 1758 419 1825 Jesu
449 1774 564 1847 suopte
593 1760 719 1824 ottxilio
743 1761 816 1825 solo
841 1771 928 1832 satis
953 1773 1017 1853 jan

132 1866 314 1953 intelligere
339 1880 372 1931 et
394 1870 566 1931 aestimare
589 1878 621 1929 et
647 1868 717 1931 suis
739 1867 858 1935 usibus
880 1874 1042 1941 adbiberel

131 1974 237 2041 larum
265 1976 484 2059 interpretatio
516 1970 628 2051 Para,
663 1976 700 2037 si
727 1995 833 2061 qaae
867 1978 1066 2067 obtigerat,

132 2084 252 2149 duasne
271 2078 421 2145 evanuit?
443 2078 486 2143 Et
507 2084 559 2145 siu
576 2080 658 2144 adeo
680 2084 753 2166 quio
771 2100 892 2169 posset
915 2087 1006 2168 illud,
1018 2108 1066 2152 uun

134 2186 239 2254 solet'l
281 2184 371 2251 ltaue
394 2199 555 2251 oratorem
578 2206 712 2251 necesso
733 2201 784 2251 ert
805 2186 859 2253 bis
882 2198 1052 2259 oontiamu

132 2298 231 2359 totius
261 2290 337 2357 Par.
364 2294 520 2379 cujusquo
549 2308 581 2357 ot
602 2292 853 2379 explicationem
875 2314 912 2364 et
931 2301 1059 2389 adplicati

133 2400 260 2477 Quodsi
278 2402 409 2485 insuper
422 2398 502 2463 iacit
516 2420 581 2463 uon
596 2402 762 2487 patristioa
775 2402 898 2485 fornia,
925 2412 987 2475 sed
1004 2407 1087 2473 orotit

132 2510 336 2597 concinna
363 2527 402 2569 ao
432 2520 738 2571 consummata:
767 2510 844 2595 quid
867 2514 1071 2602 ampliasd'

130 2614 195 2693 bit,
225 2616 279 2700 qui
303 2611 447 2677 cultioris
470 2624 503 2675 et
526 2615 649 2697 ingenii
679 2628 711 2677 et
734 2618 835 2679 animi
859 2636 950 2701 est,
981 2646 1042 2688 nou

129 2718 275 2784 videtur‘l
309 2716 458 2782 Proiecto
485 2740 543 2781 cao
565 2734 639 2783 ›ant
658 2720 738 2784 Jesu
757 2718 960 2808 Parabolae,
984 2730 1080 2818 quart?

130 2830 285 2891 concione
307 2824 344 2892 S.
367 2822 542 2911 explicatio
565 2838 597 2889 at
618 2825 800 2911 adplicatio,
823 2832 995 2919 siquidem
1017 2838 1084 2926 ipsit

131 2936 246 3011 sentit,
277 2951 379 3017 aequo
402 2928 559 2995 Kantio
586 2935 726 3021 potuerit
754 2951 820 2997 aon
841 2958 922 3005 esse
948 2946 1087 3033 accepted

129 3050 246 3103 amata.
290 3036 349 3100 Sia
379 3058 457 3101 vero
487 3038 571 3117 sint,
602 3041 657 3125 qui
687 3040 790 3104 videri
817 3064 921 3129 quam
945 3073 1023 3118 esso
1042 3046 1087 3116 cti

127 3142 296 3222 malentes
312 3142 480 3223 „fundana
496 3141 551 3206 ubi
564 3142 634 3207 lilia
646 3156 678 3207 et
699 3143 803 3209 violae
818 3162 851 3212 et
869 3152 1087 3238 anemonaelt

130 3249 296 3325 salientes,
320 3268 414 3335 quara
434 3248 489 3311 ubi
510 3246 606 3334 plena
625 3254 743 3315 messis
765 3266 821 3315 aut
843 3276 972 3341 graves
991 3268 1087 3330 fructu·

127 3364 245 3419 erunt“
262 3360 308 3438 ⁴⁰)
329 3352 380 3418 vel
404 3357 456 3440 qui
471 3356 637 3439 inopinata
660 3360 847 3442 sagacitatis
871 3364 930 3431 vel
954 3374 1087 3459 irnagtna

126 3463 271 3538 somnia,
300 3482 393 3547 quam
423 3458 602 3545 simplicum
629 3463 669 3526 de
698 3463 837 3550 simplici
868 3468 951 3541 Par.
981 3481 1087 3569 eloquu

125 3564 256 3651 malint:
277 3565 310 3631 bi
329 3563 486 3651 perhanc
505 3565 670 3632 homiliam
687 3569 798 3655 parab.
815 3575 926 3659 ipsam
945 3588 1087 3672 paulatin

124 3670 201 3760 plici
225 3673 351 3737 veritati
372 3685 448 3735 sunt
464 3672 703 3739 reconciliandi.
749 3674 880 3748 Pariter
904 3693 936 3755 si
960 3698 1016 3782 qui
1040 3700 1087 3760 sint

124 3764 205 3845 lesu
235 3777 372 3845 docendi
401 3781 592 3864 sapientiam
619 3796 652 3846 et
677 3783 856 3854 doctrinam
887 3796 1002 3885 ipsam
1036 3816 1087 3869 aut

127 3951 336 3967 Ἀ--ι-σ

124 4018 171 4089 to)
187 4020 291 4079 uuiaet.
311 4026 338 4088 8,
359 4023 385 4087 3,
404 4030 429 4074 8.
449 4050 482 4062 —-
