2496 4718
1042 226 1102 298 aut

104 410 198 473 untia
225 416 322 488 atque
352 400 523 467 hortantia.
563 395 670 484 Atque
699 398 733 458 in
769 396 907 482 singulis
936 403 1062 487 quidem
1089 424 1131 468 a·

104 538 147 579 »a
179 508 363 575 hominibus
392 507 477 569 hunc
507 524 603 567 usum
629 525 705 568 vere
734 502 888 568 habuisse
915 505 1105 588 Parabolos,

136 642 204 685 non
228 618 347 680 diserte
369 613 498 677 demum
516 609 692 696 loquuntur
713 607 941 677 Commentarii
964 614 1038 693 SS„
1063 631 1110 681 te·

106 740 180 791 tur
203 738 311 793 tamen
329 717 443 808 populi
466 719 636 782 comitatus
667 728 699 779 et
728 719 849 782 inimici
867 720 948 784 adeo
970 724 1112 813 confessi

104 829 286 903 οὗποῖσοτὲ
305 854 349 904 τις
369 816 527 911 ἐλάλησεν,
548 823 588 899 cic
611 815 698 900 οὗτος
711 822 890 912 ἄνθρωπος.
920 825 1113 916 Quanquam

104 964 126 1002 ι
160 937 271 1004 dolor!
300 934 340 999 do
362 944 428 997 tcto
450 930 570 1018 populo
595 932 624 993 si
643 932 846 1016 quaerimus,
873 933 993 997 frustra
1012 933 1115 1000 Para·

104 1066 144 1109 Ξ
165 1064 290 1131 quoque
313 1028 488 1131 etiamnum
506 1035 602 1100 ficum
624 1026 765 1100 sterilem
786 1039 905 1102 vinitor
925 1036 982 1103 ille
1004 1062 1116 1109 aman·

104 1170 205 1215 xnus
236 1148 407 1213 emendare
434 1141 643 1209 laboraverat
677 1152 772 1229 atqua
805 1145 933 1209 tandem
962 1147 1035 1215 idcir
1062 1149 1118 1238 τὴν

111 1284 155 1323 ‘u
181 1256 364 1323 ἐπέκλαυσεν
386 1249 442 1318 ἐπ’
465 1250 561 1335 αὐτήν
588 1261 620 1312 et
640 1246 791 1335 lugebat:
818 1247 1034 1340 Ἰερουσαλήμ,
1058 1246 1117 1331 Ἰὲτ

104 1361 306 1438 ·.,ποσαάις
339 1362 478 1446 ἐθέλησα
514 1362 747 1443 ἐπισυναγαγεῖν
779 1355 817 1423 τὰ
846 1362 936 1426 τέκνα
968 1342 1043 1443 σου,
1081 1365 1119 1435 ‘dv

104 1496 176 1539 Ιἰον
195 1465 374 1554 ἐπισυνάγει
399 1463 479 1550 ὅρνις
505 1464 544 1530 τὰ
572 1470 677 1531 νοσσία
700 1464 809 1551 ἑαυτῆς
836 1462 898 1533 ὗπὸ
928 1465 982 1546 τοῖς
1010 1478 1121 1562 πτέρυ-Ι

104 1625 108 1637 .
160 1604 187 1645 κ.
210 1576 265 1642 οὐκ
286 1572 476 1662 ἐθελήσητε]
516 1571 623 1656 Atque
646 1582 770 1634 moeste
802 1574 993 1641 vaticinatur
1020 1572 1123 1647 Para.

104 1701 127 1744 ι
172 1682 213 1747 dc
242 1684 362 1768 nuptiis
390 1678 502 1767 populi
529 1679 700 1742 excidium.
745 1674 876 1742 Scilicet
901 1679 1071 1752 Pharisaei
1092 1704 1125 1764 et

104 1790 225 1854 iores
245 1786 351 1874 plebis
372 1784 528 1873 populum
549 1780 820 1868 aggrediebantur
841 1797 992 1872 tanquam
1019 1788 1036 1860 ὅ
1063 1820 1123 1869 rto·¹

104 1891 176 1977 ὗς,
200 1908 232 1960 et
252 1892 430 1985 eripiebant
449 1893 484 1977 πρ
504 1893 691 1978 ἐσπαρμένον
713 1892 747 1958 ἓν
767 1898 808 1986 τῇ
830 1894 939 1985 καρδία
961 1896 1075 1985 αὔγοῠζ

155 2087 263 2173 Atque
286 2090 321 2153 iu
340 2084 552 2175 percellendis
574 2086 626 2151 hia
648 2083 898 2149 Pharisaeis
919 2084 1129 2161 etSeniaa

104 2184 194 2261 bus
214 2193 363 2282 populi
384 2206 416 2258 et
437 2193 652 2279 Legisperitis
676 2189 811 2272 alterum
830 2194 1011 2274 cernimus,
1034 2218 1129 2282 quem

104 2317 171 2369 sus
187 2315 263 2366 tunc
284 2300 434 2378 vuluerit7
450 2297 636 2362 Parabolar.
653 2320 739 2361 auar.
760 2319 865 2363 usurn.
886 2298 962 2377 Hie,
985 2302 1040 2387 qui
1057 2325 1129 2368 no-

104 2400 223 2473 bant
243 2409 410 2471 admittere
432 2406 474 2469 ad
494 2426 530 2468 aa
554 2406 722 2469 veritatem
745 2405 915 2482 infestam,
946 2408 1134 2495 simpliciter

136 2512 255 2576 leniter
275 2522 426 2596 tanquam
447 2533 516 2574 rem
538 2523 665 2596 gestam
688 2523 817 2574 enarrat
833 2514 1042 2600 ipsorumque
1059 2528 1134 2584 sen·

104 2612 172 2685 'trus
204 2619 369 2695 admovet,
401 2618 440 2682 de
463 2640 502 2683 ea
524 2622 669 2704 ipsorum
691 2620 832 2681 animum
854 2640 891 2682 ac
907 2621 1064 2702 judicium
1086 2614 1137 2693 ti:

104 2748 143 2793 :a
162 2723 216 2791 vel
237 2726 355 2789 diserte
376 2726 605 2809 interrogando
623 2723 675 2804 (P.
692 2725 731 2787 de
745 2720 824 2787 filiu
838 2728 873 2787 in
886 2729 1014 2792 vineam
1029 2724 1138 2797 meare

104 2837 195 2911 usia,
219 2833 259 2896 de
278 2854 339 2896 ore
352 2831 454 2916 perd,
476 2831 516 2894 de
535 2830 673 2910 Samen,
695 2832 734 2894 da
755 2829 963 2915 vinitoribus)
987 2835 1139 2922 appellat,

104 2942 227 3013 mubi
256 2961 374 3005 seusus
392 2939 571 3016 humanus,
600 2936 654 3002 vel
674 2941 708 3001 in
729 2937 780 3001 his
802 2939 944 3003 nondum
963 2956 1139 3025 emortuus,

104 3051 238 3119 ¹dicavit
266 3059 299 3123 et
326 3046 453 3134 quidem
474 3044 577 3108 adhuc
607 3048 677 3109 sine
699 3048 749 3108 ira
772 3068 810 3109 ac
831 3046 938 3111 studio
961 3055 1140 3117 concessitt

104 3161 254 3223 §ritatem
278 3166 443 3217 austeram
470 3162 560 3214 notat
592 3166 743 3238 tanquam
773 3155 807 3215 iu
845 3153 958 3217 cadem
986 3178 1022 3220 re
1050 3170 1144 3242 gesta

104 3266 261 3354 epictam:
284 3273 379 3348 atque
396 3263 466 3346 jam
484 3280 550 3322 non
568 3270 705 3346 possunt
724 3280 789 3323 ncn
813 3260 947 3325 eandem
967 3264 1143 3349 percipere,¹

104 3370 255 3447 robore„
272 3389 381 3433 secum
410 3366 579 3431 abducere.
625 3366 667 3429 Et
688 3368 816 3452 quidem
836 3368 943 3431 minus
969 3366 1145 3435 obduratos

104 3481 195 3543 anius
217 3487 341 3554 tractat,
363 3487 399 3537 ut
420 3472 597 3551 Simonem,
620 3484 656 3536 ut
669 3473 840 3558 Logisper.
855 3473 895 3538 de
912 3494 1037 3539 sununc
1051 3498 1147 3563 prae·

104 3596 182 3672 apto
204 3566 442 3667 percontatum,
468 3582 516 3645 ita
539 3578 633 3658 illos,
662 3584 717 3666 qui
744 3576 937 3667 διεγόγγυζον
965 3579 1013 3650 ὅτι
1039 3574 1148 3671 ducor.

104 3689 230 3779 γροςὸεχ.
250 3691 284 3751 in
301 3689 376 3753 Par.
394 3690 434 3753 de
448 3686 498 3751 til.
513 3687 621 3774 perd.;
642 3689 822 3773 pertinaces
834 3708 912 3751 vero
927 3690 1057 3755 tandem
1074 3711 1150 3775 grav

104 3798 244 3861 tissime:
266 3799 312 3871 ita
326 3798 605 3883 ἕνμυντηρέζοντας,
619 3793 692 3858 Par.
708 3796 748 3858 dc
763 3794 862 3857 divite
878 3807 910 3857 et
931 3796 1061 3860 Lazaro
1070 3841 1082 3874 ,
1103 3798 1151 3873 ita

104 3922 170 3971 rese
187 3903 296 3984 justos
318 3899 614 3982 aiurulantec,1¹·ar.
638 3903 678 3965 de
699 3900 826 3964 Pharis.
850 3915 882 3965 et
901 3901 1081 3978 Portitore‚
1106 3905 1152 3967 ita

104 4020 243 4077 vetantes
266 4006 542 4087 docentem,1'ar..
568 4009 609 4072 de
627 4006 830 4075 vinitoribus.
873 4009 980 4095 Atque.
1000 4006 1152 4077 meliores

104 4116 224 4209 quidem
246 4115 391 4203 profecto
405 4110 574 4180 Nicodemi
595 4113 718 4180 similes
734 4113 881 4180 abierunt
902 4115 1077 4193 emendetit
1098 4137 1155 4183 vc·
