2496 4718
208 308 327 393 anoctis
347 309 402 392 τῆς
419 298 595 396 tintenias·
618 310 722 380 stores
738 311 774 382 δὲ
785 313 1081 413 τὴνᾶῑῳμῦηὶ
1097 330 1138 397 ιλ
1155 333 1176 396 ti
1242 388 1244 395 .

208 414 328 490 λοῦντες
351 417 378 480 ci
398 418 530 500 πένητες.
571 412 677 503 Atque
700 418 783 484 bunc
802 425 862 487 toti
882 432 1126 513 sequuntur'l'

208 534 241 587 et
260 518 424 602 Euthym,
446 523 500 604 qui
517 528 693 608 rosnacum
715 526 837 591 confert
857 530 899 592 ad
924 554 1144 625 quoscunque
1176 540 1182 561 ¹

206 651 280 717 gom
301 631 352 713 τῆς
371 630 444 712 fluo.
467 653 493 691 s·
513 625 576 711 οὖρ.
618 623 689 691 Nos
716 651 810 716 quam
829 633 977 719 pluriam
998 643 1179 731 simpliciter

208 746 329 810 terant,
348 732 542 795 tentavimus
560 733 715 797 conferre.

292 836 471 903 Tenternus
491 840 588 902 otiam
604 841 638 902 in
660 836 814 919 fithimnc
833 851 1024 917 sententiae
1045 851 1189 929 Parabob
1238 880 1244 917 t

208 945 407 1013 talentis:
428 941 488 1007 Mt.
512 947 571 1021 2⁵,
591 949 640 1009 14.
662 944 722 1010 Lc.
745 953 803 1027 19,
827 955 877 1014 11.
920 952 993 1020 Hic
1015 964 1190 1045 patritam

207 1049 282 1117 Par.
303 1050 344 1113 tle
366 1048 479 1135 epulo,
510 1051 673 1117 discedere
695 1050 755 1118 bos
782 1067 814 1118 et
837 1057 871 1119 in
893 1066 1095 1131 occasionis
1115 1062 1207 1167 relatis:

64 1259 70 1273 '
206 1263 274 1331 Mt.
297 1258 598 1346 simpliciorem
628 1261 780 1326 exhibeat
799 1260 1019 1337 Parabolam:
1052 1284 1215 1365 qums·

196 1172 241 1225 ,et
258 1160 292 1223 in
314 1157 466 1239 imaginis
483 1153 728 1240 amplificatione
748 1158 910 1240 videmus,
933 1166 985 1231 ita
1008 1172 1211 1485 tamem}

111 1414 115 1423 .
205 1372 344 1457 primum
370 1366 547 1430 audiamus·
589 1364 788 1453 „promptos
817 1391 876 1436 vos
896 1393 1019 1458 pflrate
1045 1387 1141 1472 (Μ
1177 1401 1183 1413 .

65 1602 73 1621 =
206 1600 270 1668 quo
294 1577 441 1653 homine,
472 1578 528 1663 qui
554 1582 813 1663 peregrinaturus
837 1589 907 1646 ss.“
953 1582 1010 1653 lta
1041 1596 1191 1681 enimsi

204 1684 347 1749 nandum
365 1678 595 1752 ἀνακόλουθον·
621 1682 722 1769 ὥσπερ
743 1687 799 1773 γὰρ
816 1688 862 1754 sl.
907 1685 948 1753 ln
966 1706 1193 1777 posteriore!

205 1792 292 1876 ginis
312 1798 401 1873 parto
419 1809 451 1854 v.
472 1793 621 1853 24-27.
641 1791 748 1857 verbis
768 1797 905 1860 ministri
918 1798 1043 1881 ignavi
1061 1806 1129 1875 boc
1162 1814 1168 1828 ⁴

205 1882 359 1966 subesset
386 1883 558 1972 „Solebam
579 1910 610 1960 te
632 1898 731 1961 nimia
753 1922 888 1986 poscere
914 1906 1080 1988 (θερίζων
1106 1913 1174 1986 ὅπου

203 2012 343 2092 ἔσπειρας
356 2004 560 2093 proverbium
568 2007 609 2087 ⁸³)
624 2018 763 2091 ergaque
770 2009 876 2071 minus
887 2019 1164 2107 premendum),i

201 2117 344 2194 veritus,
370 2126 405 2177 ut
425 2110 607 2177 ullomodo
629 2112 850 2178 satisfacturus
867 2136 1002 2197 essem,
1029 2131 1173 2195 animum

195 2224 332 2308 ficiens,
364 2232 454 2284 tuum
476 2222 639 2304 negotium
655 2220 752 2285 omisi
760 2226 800 2293 “3
821 2218 928 2285 verbis
948 2238 1073 2297 autern
1093 2236 1161 2316 heri
1211 2325 1218 2335 .

199 2327 371 2413 „maligne
393 2346 488 2391 serve
506 2339 599 2413 atquc
615 2328 726 2411 piger,
746 2346 883 2389 noveras
902 2346 1027 2417 netupe
1048 2336 1154 2426 [sum
1190 2342 1194 2357 '

99 2463 105 2472 ·
198 2428 279 2501 baec
298 2433 350 2498 vel
372 2448 429 2519 per
448 2430 693 2518 subjunctivum
711 2434 865 2497 sumenda
885 2450 957 2498 ctnn
981 2436 1177 2530 Euthymio,

196 2563 255 2630 per
275 2535 437 2625 ironiam]
458 2557 511 2601 me
536 2540 636 2604 nintia
657 2558 808 2639 posceres
836 2536 981 2605 debebas
1012 2549 1125 2634 igitur
1148 2560 1161 2640 (

195 2650 323 2734 magis)
350 2645 477 2709 foenori
501 2642 615 2709 saltem
647 2645 799 2708 mandare
818 2651 888 2708 ss.“
927 2644 1052 2736 Itaque
1084 2682 1153 2728 non

194 2755 275 2820 baec
293 2751 391 2817 herus
412 2750 572 2828 concedit,
604 2771 707 2836 neque
727 2752 825 2834 igitur
844 2750 986 2819 violatur
1008 2761 1201 2857 iruaginim

195 2856 315 2924 bilitas.
366 2854 516 2921 Ceterum
544 2855 584 2920 de
611 2877 648 2920 ra
676 2854 891 2922 foeneratoris
920 2855 1028 2931 hacce
1064 2878 1123 2940 sin
1187 2874 1191 2889 '

194 2966 325 3050 scripsit
343 2960 522 3025 Salmasius
535 2964 593 3039 ⁸⁴).
637 2960 712 3026 Jam
733 2983 810 3026 vero
827 2961 957 3029 collatio
972 2966 1183 3049 Parabolne'
1220 2984 1224 2989 ’

208 1478 270 1541 erit
288 1470 374 1539 ”anim
386 1472 420 1534 in
440 1472 543 1535 reditu
562 1464 703 1552 Christi,
723 1477 994 1560 quemadmodum
1017 1485 1087 1553 fuit
1107 1496 1214 1909 in]

191 3070 271 3135 haec
291 3067 361 3133 fera
386 3068 462 3129 erit:
494 3063 726 3145 „Christus
750 3070 783 3132 in
805 3068 915 3134 coelus
938 3072 1152 3156 abiturus

189 3178 238 3241 rei
257 3174 423 3259 negotium
445 3193 472 3234 s.
496 3174 779 3239 ministerium
793 3176 1028 3250 -demantlat
1060 3194 1189 3281 discip

188 3281 246 3345 lis
269 3300 345 3365 pro
363 3275 556 3356 viribus,
577 3277 635 3344 alii
650 3279 801 3368 amplum,
823 3280 878 3347 alii
895 3288 1084 3377 irrediocre,
1110 3303 1164 3367 alii

188 3391 299 3449 vumt‘.
341 3380 385 3447 V.
403 3387 454 3449 16.
476 3387 707 3465 susurratio,
736 3410 817 3473 quae
837 3410 1012 3475 praeparet
1031 3414 1165 3473 tantum
1234 3413 1241 3423 '

186 3489 339 3561 lationem
362 3510 394 3553 vc
415 3493 533 3554 was-2
560 3489 794 3569 ‚,Revcrsus
815 3492 978 3562 Dominus
1003 3504 1069 3574 ubi
1091 3520 1210 3580 ragom

185 3597 431 3683 poscet(19.)‚
454 3618 545 3674 eum,
568 3602 622 3684 qui
642 3600 677 3664 in
697 3598 828 3664 multo
849 3594 1120 3684 ministerio
1144 3616 1211 3688 mul·

187 3714 267 3766 tum
289 3690 490 3765 effecerit
507 3705 590 3785 (20),
610 3702 761 3789 probabit
775 3711 974 3791 etmajore
998 3724 1211 3794 ministeris

185 3820 218 3872 et
239 3803 542 3872 sumtslicnate
563 3813 630 3893 [uti
650 3808 816 3896 Chrysost.
835 3825 868 3876 et
885 3813 1046 3905 Eutbym
1066 3836 1167 3900 etiam
1182 3843 1212 3896 m

182 3944 389 3983 h*

55 4023 59 4033 ’
185 4051 230 4118 aa)
247 4008 386 4109 veilate
403 4053 483 4106 fleur.
498 4066 526 4117 m
541 4056 601 4121 821,
616 4080 660 4115 --¹
684 4060 729 4122 u)
747 4060 779 4123 de
795 4063 904 4123 foenore
919 4065 1047 4130 lrcncsit.
1064 4094 1095 4142 p,
1116 4086 1165 4135 uos
1180 4088 1203 4130 ro
