2496 4718
166 60 209 127 16

111 288 114 293 .
164 226 298 318 generis
313 220 460 291 didactioi
478 222 563 309 quod
584 237 721 305 vocent,
743 226 850 291 modis
871 226 1009 299 dictum
1031 248 1069 300 et
1089 237 1207 323 quodm-

164 335 264 402 modo
290 332 401 417 generi
429 327 530 412 lyrico
560 346 654 421 stupu
681 334 863 419 oppositum
893 334 1015 403 fuisse
1043 347 1209 407 usseunriu

67 480 72 487 .
164 437 379 517 Michaeliffi).
419 434 593 520 Specistim
618 449 724 500 etrtem
744 438 785 501 de
809 438 1081 527 singulamilia,
1097 451 1132 513 in
1147 470 1209 535 qum

163 567 228 613 nos
248 546 437 631 inquirimus
460 538 645 605 collationis
666 546 774 629 specie
796 544 917 611 dictum
934 570 1023 617 esse
1040 556 1179 635 videtur,
1193 569 1210 615 u

163 648 254 717 ureb.
276 649 340 717 inu
359 651 400 712 de
417 647 577 710 Locmeni
594 646 726 713 subulis.

212 798 216 805 -
241 754 295 821 its
316 756 421 841 igitur
441 763 473 814 et
494 742 525 815 ‘n
547 763 597 827 et,
628 757 674 818 uti
691 776 826 842 prorsus
845 759 1001 843 apposite
1028 767 1211 835 reddiderunt

161 858 260 931 IsXX
281 874 315 927 et
338 857 383 925 N.
408 855 469 935 Τ.,
506 859 669 949 παραβολὴ
691 883 783 927 suurn
806 862 924 949 ubique
949 869 1211 952 significationen

160 969 286 1037 obtinet
312 989 333 1031 u
363 962 572 1051 finitimisque
600 968 784 1033 nominibus
805 967 888 1033 bene
907 984 961 1035 est
983 974 1209 1066 distinguente

160 1074 229 1141 seo
250 1074 388 1158 denique
409 1074 584 1135 occurrerit
603 1076 761 1160 quispiam
782 1087 924 1141 vestrum
942 1074 1169 1153 Platonicus.
1192 1098 1211 1148 ιι

95 1218 99 1227 -
158 1200 315 1269 quorsum
336 1179 469 1264 copiose
488 1175 569 1241 heec
587 1178 760 1245 verborum
782 1182 966 1247 distinctiot
1000 1184 1137 1259 Nonne
1159 1192 1211 1265 sori

160 1280 325 1372 ωιθηκῳ
336 1282 416 1349 hoec
428 1285 538 1348 omnia
551 1294 626 1347 sunt
640 1284 845 1369 appelletel“
867 1287 968 1368 Esto,
990 1298 1063 1364 sed
1079 1317 1115 1369 et
1127 1306 1161 1371 in
1172 1305 1226 1393 Ιιιις

159 1389 302 1482 ωθῆιιῃ
317 1389 430 1475 leges,
461 1390 637 1453 notationis
651 1394 877 1475 potissimum,
914 1404 1144 1491 secusium,
1170 1412 1209 1476 ιιι·

156 1502 265 1567 minus
284 1497 445 1563 interdum
467 1497 599 1559 conscii.
655 1493 854 1562 Caeterum
845 1518 880 1563 m
900 1515 1021 1571 nostre
1044 1533 1088 1579 re
1117 1520 1208 1584 digm-

156 1606 278 1693 guendi
293 1623 371 1681 cure
383 1623 423 1666 eo
436 1605 542 1686 magis
555 1578 638 1687 opus
654 1615 733 1682 erut,
746 1616 782 1668 ιι
794 1608 877 1669 inter
890 1627 952 1671 nos
966 1622 1091 1681 certe
1079 1643 1120 1687 ιιι
1136 1641 1203 1712 opes

155 1723 268 1779 nostro
283 1706 349 1775 ab
339 1709 432 1773 mitio
447 1708 487 1770 de
503 1707 619 1771 horum
635 1712 799 1789 nominum
815 1709 965 1806 συνθήκῃ
975 1733 1184 1796 conveniret.

162 1866 166 1873 .
240 1815 393 1881 Vidimus
421 1814 522 1897 igitur
547 1826 747 1897 constantem
783 1827 916 1908 nonos„
928 1823 1208 1912 significationen
1239 1898 1243 1907 ,

154 1937 192 1991 ιι
217 1926 262 1991 sit
282 1918 514 1987 reinduero
532 1921 880 1988 exsimilitudine
896 1925 1109 2020 collatio,
1131 1944 1209 2007 modo

153 2034 270 2119 ipsa,
285 2038 451 2113 quatenus
471 2028 695 2111 imaginetioni
719 2026 923 2110 obversatur,
951 2038 1057 2105 modo
1082 2052 1209 2113 oratio

154 2138 290 2204 eundem
309 2133 495 2217 designans.
545 2129 699 2197 Diximus
717 2131 921 2199 collationem
937 2156 980 2201 ex
1002 2144 1209 2220 similitu.

151 2245 267 2310 dine·
295 2238 376 2304 haec
394 2240 477 2303 enirn
498 2237 683 2305 collationis
709 2252 759 2304 est
777 2240 1023 2313 fundamentum
1044 2275 1090 2321 ao
1114 2264 1211 2327 conffl-

152 2353 210 2415 tio.
254 2346 582 2429 Imaginationis
607 2358 713 2410 eutem
738 2367 812 2409 esse
836 2346 896 2411 hus
918 2348 1144 2469 collationes,
1164 2389 1211 2435 sus
1244 2436 1247 2441 ,

152 2473 323 2543 quemque
329 2452 421 2527 docet
444 2473 523 2514 suae
542 2453 659 2516 mentis
679 2449 883 2529 observatim
897 2468 936 2521 et
948 2439 1157 2555 propediem
1170 2497 1212 2540 ιο.

150 2563 294 2650 curatius
308 2559 476 2623 ostendere
492 2557 696 2621 tentabimus.
738 2558 801 2624 Hic
815 2562 911 2637 modo
929 2560 984 2625 ab
991 2584 1211 2664 compara.

151 2671 286 2748 tione,
301 2687 392 2755 quae
405 2662 443 2728 fit
456 2686 514 2750 per
532 2662 812 2746 intellectum,
841 2669 1209 2763 ιιιιιιιιίἰιιὶιιςιιιιηὼιιἸ
1247 2703 1248 2752 j

159 2840 162 2851 ,
235 2773 495 2857 collationis
523 2782 630 2833 eutem
655 2768 776 2849 hancce
801 2775 985 2853 notionem,
1019 2800 1129 2866 quam
1152 2816 1213 2859 am.
1246 2797 1248 2870 ᾗ

150 2880 378 2947 madvertimus
403 2879 542 2971 nomine⁴
555 2878 839 2965 consensioni,
864 2882 1162 2969 principalem
1181 2921 1215 2964 ao

78 2984 81 2989 ’
148 2981 393 3074 generalem
422 2985 491 3065 jam
531 2982 665 3049 dicimus
704 2983 1215 3083 notamPerebola0,1n

148 3097 245 3182 cujus
268 3101 416 3171 naturum
439 3088 533 3152 nobis
556 3089 757 3175 propositum
782 3102 833 3153 est
852 3093 1026 3179 inquirere.
1076 3104 1138 3174 Ab
1156 3111 1215 3178 hae

146 3211 241 3271 note
246 3209 398 3282 teuquem
419 3214 438 3256 e
456 3195 615 3281 principio
634 3196 899 3289 progrediemur,
916 3218 1110 3287 sperantes
1128 3217 1212 3298 fore,

145 3317 183 3369 ut
203 3304 267 3369 hoc
281 3301 471 3389 principium
488 3297 606 3386 probet
625 3297 711 3365 finis.
763 3299 866 3366 Sed'
850 3325 920 3387 Jam
936 3308 972 3369 iu
989 3305 1085 3373 hoc
1072 3326 1214 3387 rnnoim

145 3409 243 3476 uobis
270 3420 324 3497 est
343 3403 600 3482 subsistendum,
630 3407 761 3492 etquid
785 3406 881 3473 vobis
907 3413 949 3476 de
977 3433 1017 3479 eo
1039 3419 1210 3507 videatur,

145 3517 249 3580 eunice
284 3512 518 3599 quaerendum,
557 3492 715 3597 simulque
742 3517 952 3598 rogandum,
980 3529 1016 3581 ιι
1046 3522 1083 3589 in
1114 3529 1210 3599 locos

80 3625 86 3643 “
144 3622 317 3686 interiores
349 3638 469 3703 eosque
494 3617 687 3704 pedetentim
721 3631 753 3680 et
778 3623 936 3703 gratiores
969 3636 1001 3686 et
1029 3639 1209 3712 graviores

145 3728 332 3814 propediem
345 3718 405 3784 'me
425 3721 532 3788 velitis
551 3725 710 3786 comitari.-

142 3843 354 3861 w

150 3891 253 3950 Zoster.
269 3897 312 3946 Bl.
330 3895 441 3948 Summi.
455 3896 483 3951 4.
503 3895 608 3944 8125.
626 3917 662 3931 -·
702 3894 746 3958 65)
762 3909 791 3953 u.
813 3901 837 3947 8.
856 3899 897 3955 14.
916 3900 956 3950 ud·
968 3901 1071 3954 hostii
1092 3907 1112 3962 Ι.
1131 3908 1154 3962 Ι,
1171 3936 1206 3952 ..-

562 4020 777 4041 ‚m-
