2496 4718
1074 187 1138 283 1⁹9

121 354 299 429 dotteetnn
324 356 467 424 ostendit
495 352 637 419 indolem
668 350 801 416 alterius
828 356 896 432 rei,
925 376 1007 441 qnae
1028 372 1124 444 apteq

106 452 262 550 :ismioni
279 479 432 551 tanquam
459 459 573 525 umbra
605 458 855 527 obversabatur:
890 463 997 548 itaque
1024 464 1123 561 huqu

106 560 218 665 quarn
237 552 387 639 intuitum
412 581 508 655 atque
530 568 702 629 tactionenr
723 565 820 631 facit:
848 565 910 631 hoc
929 573 1027 635 modo
1049 575 1121 647 ani-

106 700 152 747 m
175 678 313 745 adlectat
334 688 367 740 et
389 673 547 750 oblectat,
574 672 688 737 eodem
708 683 804 759 atque
824 671 887 736 hoe
908 675 1004 741 simul
1020 682 1118 747 modo

106 784 310 871 *lligentiam
331 802 526 873 sensumque
542 782 656 863 juvat,
677 776 776 842 fidem
793 777 984 865 obstringit,
1002 784 1119 861 volun3

106 876 308 967 numeret,
336 892 445 975 itaque
466 883 657 949 illustrando
679 885 927 969 persuasionem
946 888 1040 964 faeit;
1065 894 1118 961 in·

105 1018 160 1063 er
172 1018 242 1061 reru
254 994 450 1061 illustratam
463 993 637 1055 memoriae
651 990 814 1074 imprimit.
831 990 939 1079 Atque
954 992 1119 1083 huneper-

105 1106 249 1171 sionem
276 1102 502 1167 consensimus
530 1098 735 1184 potissimum
755 1097 869 1163 cadere
888 1101 923 1163 in
942 1101 1117 1187 populares

105 1220 208 1285 ntes,
242 1207 467 1290 imaginationi
503 1204 573 1267 fere
609 1201 673 1266 soli
704 1203 890 1285 adstrictas3
926 1206 1117 1277 collationes
1212 1274 1217 1283 ,

105 1334 168 1383 em
196 1332 381 1405 quanquam
408 1321 587 1375 monstrent
617 1320 757 1387 tanturn,
788 1332 855 1373 uon
885 1312 1116 1397 demonstrent,

105 1440 168 1484 en
188 1414 383 1483 illustrando
398 1418 555 1499 rnajorern
576 1418 673 1479 etiam
687 1416 901 1500 persuadendi
920 1421 997 1500 vim,
1019 1443 1115 1506 quam

105 1527 354 1591 lmentatioues
376 1526 478 1609 ipsas,
504 1521 634 1601 babere,
658 1523 813 1607 quasdam
834 1522 966 1609 insuper
988 1548 1031 1590 ex
1051 1553 1111 1595 rer.

105 1652 172 1699 ua
193 1628 385 1718 possibilem
406 1627 522 1693 saltem
543 1627 596 1692 vel
611 1630 694 1691 adeo
716 1626 924 1693 uerisimilem
943 1636 1113 1705 ostendere

144 1740 291 1825 alioquin
309 1739 527 1823 inopinatam,
546 1738 653 1825 ¹imme
676 1756 751 1797 esse
772 1733 961 1801 collationes
982 1748 1032 1803 ex'
1045 1745 1113 1835 rita

104 1834 235 1923 nuum,
256 1866 338 1929 quae
360 1842 401 1906 ab
424 1846 531 1905 animo
550 1842 712 1919 burrrano,
734 1840 838 1925 qualis
862 1844 894 1903 in
918 1849 1033 1927 (prioris
1048 1862 1110 1931 est,

104 1942 207 2028 euru,
230 1949 336 2036 qualis
354 1948 428 2013 fieri
447 1948 578 2027 debeat,
602 1949 693 2011 etad
713 1950 854 2011 animum
874 1950 1015 2015 divinum
1031 1976 1110 2019 cen·

104 2056 139 2124 ti
162 2056 317 2142 jubeant:
347 2060 456 2145 itaque
487 2078 553 2119 uon
575 2067 698 2150 tantum
727 2052 938 2135 illustrando,
963 2061 1021 2123 sed
1046 2085 1108 2147 per·

104 2177 222 2231 eutem
242 2167 384 2230 animum
401 2162 540 2250 probent
561 2186 599 2226 ac
618 2162 842 2249 persuadeant.
883 2160 1110 2253 liecordaruiui

104 2290 134 2339 tc
153 2273 222 2337 vim
240 2273 277 2335 in
301 2269 467 2335 Parabola
493 2268 574 2332 Jesu
596 2283 722 2332 auctam
742 2290 799 2355 per
819 2272 887 2332 vim
911 2276 1106 2353 narrationis

104 2396 146 2443 ae
162 2378 222 2443 sed
237 2375 423 2441 verisimilis
441 2378 619 2453 acseriae,
640 2373 831 2438 catechetiee
851 2375 919 2437 fere
941 2399 1009 2441 reru
1027 2379 1106 2465 sub-

104 2481 211 2549 iorem
236 2480 446 2559 illustrantis,
475 2502 548 2549 eam
570 2483 698 2567 (pridem
719 2484 803 2559 vim,
832 2502 896 2569 qua
916 2483 1056 2549 adiectat
1074 2501 1107 2553 et

104 2599 209 2671 octat,
238 2583 355 2651 leniter
375 2608 413 2650 ac
440 2600 532 2671 grute
549 2589 672 2651 inducit
691 2591 858 2651 veritatem
879 2588 1022 2675 alioquin
1045 2614 1103 2657 au-

103 2712 169 2757 rum
189 2705 222 2756 et
240 2694 393 2770 arduam,
413 2697 520 2779 itaque
543 2695 584 2757 ad
604 2716 673 2757 rem
694 2693 915 2763 sublimiorem
937 2701 1103 2765 attenden-

103 2822 124 2873 n
141 2802 268 2878 invitat,
289 2798 373 2872 hanc
394 2815 501 2864 autern
516 2822 621 2885 paene
643 2800 795 2863 sensibus
814 2804 974 2883 animaret,
994 2808 1102 2893 itaque

103 2907 169 2981 mis
195 2900 255 2995 per
282 2910 373 2995 ipse-s
393 2908 585 2999 persuadet,
614 2920 795 2993 perceptam
823 2930 900 2971 rere
930 2918 1102 2993 memoriae

103 3015 172 3105 git:
208 3026 304 3101 atque
330 3015 365 3079 id
387 3037 459 3079 cum
480 3016 515 3077 iu
537 3013 704 3110 carnibus,
735 3028 801 3075 tum
822 3018 965 3079 ttraxinre
987 3020 1021 3081 in
1040 3044 1101 3106 po-

103 3118 214 3193 nribus
234 3120 405 3187 ruentibus.
449 3119 675 3197 lieeordamini
701 3132 834 3203 auctum·
853 3118 939 3185 banc
958 3128 1026 3189 viru
1044 3150 1102 3191 au-

103 3247 178 3291 trem
188 3226 359 3311 ¹udeoper
378 3230 512 3297 virtutes
525 3250 598 3292 cunr
614 3229 701 3289 orrrni
719 3225 800 3289 Jesu
816 3228 952 3295 docendi
970 3236 1100 3316 rationi,

103 3356 119 3405 ι,
139 3330 345 3419 parabolicae
371 3337 513 3399 urraxime
538 3333 736 3420 peculiares:
769 3336 841 3397 sim
850 3333 1099 3423 plicitatem,

104 3441 251 3525 spicuam
275 3461 319 3505 ex
341 3443 512 3517 occasione
538 3443 734 3525 (corripesnit
754 3444 840 3504 eninr
864 3462 908 3505 ex
929 3453 1099 3532 tempore),

107 3544 339 3621 illustrandum
359 3546 583 3635 exeruplorunr
604 3547 741 3623 delectu,
763 3551 1006 3635 compositione,
1029 3556 1098 3619 elo·

102 3675 188 3731 nnc,
216 3651 450 3738 adplicatione,
477 3655 615 3738 indeque
636 3653 823 3719 orta'loeaii
844 3669 877 3721 et
898 3672 1005 3725 tamen
1025 3666 1097 3725 uni-

102 3758 162 3825 suli
182 3757 303 3837 indole,
325 3762 447 3823 unitate
460 3782 498 3823 ac
516 3762 748 3827 correirmitate:
771 3764 959 3845 vigorem
984 3790 1096 3831 restrua-

112 3866 278 3947 imaginis,
294 3846 408 3929 'natum
426 3869 541 3952 pmtim
564 3888 605 3930 ex
628 3870 763 3931 veritate
785 3868 843 3933 ilia
864 3886 896 3935 et
912 3886 1046 3934 externa
1065 3886 1097 3935 et

102 3968 289 4052 ohologica,
313 3994 377 4058 qua
397 3975 540 4035 rtttioues
558 3976 711 4037 externas
729 3988 761 4037 ot
782 3980 960 4037 ornatorum
981 3975 1095 4041 chara-

102 4098 168 4155 es,
199 4075 312 4163 quales
339 4099 416 4143 vere
444 4076 568 4155 solent,
603 4076 685 4143 tales
710 4093 946 4168 reputrescntat,
978 4086 1095 4166 qmrtiut

985 4410 1128 4474 ,Α
