2496 4718
173 196 235 277 {aa
316 210 320 216 '

91 388 94 393 '
180 384 210 446 ιί
223 398 300 444 acro
318 394 449 462 aegram
468 371 559 439 illam
573 370 730 459 relinquo,
749 392 812 457 ego
835 386 946 438 eontra
965 376 1121 443 animam
1135 402 1229 466 pecco.

182 485 270 563 Quia
288 504 367 568 ergo
388 479 483 546 fcoil'l
525 477 793 565 Concupiscentia
821 478 907 543 bona
938 485 1230 568 concupiscentiam

182 592 366 678 subjugavit
386 585 505 651 malam
532 584 583 669 (l)
611 586 675 661 ita,
705 596 740 648 ut
767 606 840 649 eum
868 584 908 648 ab
929 584 1049 650 urbem
1073 590 1229 673 perferret.

180 697 298 764 Postea
325 695 439 771 rediit,
470 704 502 754 et
528 688 717 755 fasciculum
740 710 833 753 saum
856 692 968 776 periit,
999 704 1035 755 et
1068 714 1149 759 cunr
1174 696 1230 762 sole

181 806 303 869 oriente
319 802 353 864 in
374 796 487 861 urbem
510 799 607 860 venit.
650 794 773 860 Omnes
795 816 872 860 vero
901 797 1007 859 mirati
1034 816 1121 864 sunt
1147 818 1180 866 et
1194 805 1228 868 cli·

180 919 315 976 rerum:
337 901 425 969 Num
444 901 497 966 hic
517 914 568 965 est
586 899 683 965 Abba
702 898 878 966 'l'eehanna
901 904 1098 970 misericors
1122 908 1190 987 ille,
1207 921 1228 973 a

179 1036 246 1082 non
266 1017 356 1077 timet
373 1013 408 1076 in
426 1008 522 1073 eorde
543 1027 604 1071 suo
626 1004 748 1071 violare
771 1005 959 1071 sabbatuml
984 1006 1038 1072 Ea
1061 1014 1143 1098 ipsa
1164 1015 1225 1079 hora
1247 1015 1248 1042 l

180 1120 271 1188 Deus
294 1120 370 1184 oriri
387 1117 462 1180 lecit
482 1111 584 1177 solem
602 1135 632 1200 q.
653 1114 685 1177 cl.
701 1111 841 1177 Malach.
862 1118 893 1190 3,
912 1117 964 1178 20.
992 1113 1049 1178 Eo
1066 1120 1148 1204 ipso
1165 1134 1224 1183 pepp

52 1248 62 1267 ·
180 1249 258 1317 porc
279 1226 407 1291 territur
428 1234 478 1285 est
504 1239 612 1283 secum
634 1220 800 1303 cogitans,
828 1239 935 1282 annon
960 1221 1037 1302 jam
1062 1230 1222 1313 recepisset

180 1333 358 1401 mercedem
380 1348 472 1391 suam
499 1332 532 1408 (.
524 1323 567 1406 ²).
613 1320 679 1389 Sed
709 1325 817 1388 audita
844 1337 894 1387 est
914 1344 981 1388 nox
1003 1327 1169 1396 eoelestis
1186 1332 1221 1415 (ll

182 1460 263 1531 quoa
281 1438 379 1502 dixit.
400 1431 465 1496 Abi
488 1443 520 1495 et
538 1450 621 1516 pane
637 1442 692 1492 tao
718 1451 790 1494 cunr
809 1429 931 1493 laetitia
953 1453 1111 1515 vescere,
1136 1439 1245 1501 vinn-

180 1566 258 1614 rero
291 1542 385 1608 corde
415 1535 507 1614 bibe,
536 1537 610 1620 quia
639 1554 720 1621 opas
749 1547 837 1601 luam
857 1534 930 1599 Deo
953 1554 1137 1624 acceptum
1160 1549 1217 1608 ert‘l

180 1650 282 1736 Cujus
305 1648 433 1736 quidem
453 1641 583 1708 fabulae
613 1643 671 1705 vix
703 1661 775 1705 eom
796 1638 924 1707 Weisio
946 1646 997 1722 ²⁹)
1035 1650 1214 1730 agnoveris

177 1753 381 1845 „praeclaras
397 1750 552 1836 quasdam
570 1749 681 1825 dotes,
698 1746 879 1833 voluptates
900 1753 985 1811 ete.“
1007 1769 1126 1839 neque
1143 1752 1230 1818 ullm'

178 1882 250 1931 cnm
267 1857 341 1924 Par.
363 1857 403 1922 cla
426 1854 586 1920 Samarila
607 1851 855 1919 similitudinem.

262 1962 395 2030 Nullam
423 1963 520 2045 igitur
554 1960 692 2022 vidimus
722 1956 797 2023 Par.
827 1956 1060 2027 'l'almudicam
1090 1968 1209 2055 cuiqam

177 2076 257 2143 Jesa
277 2065 457 2133 Parabolae
473 2067 520 2128 ita
541 2065 697 2147 similem,
726 2080 762 2131 at
777 2086 912 2132 necesse
935 2070 979 2130 sit
1002 2082 1065 2134 ant
1083 2070 1209 2159 compila

178 2194 265 2245 tores
286 2172 455 2239 'l'almudis
472 2176 518 2253 ²⁹)
538 2191 618 2237 usos
638 2171 932 2256 archangelis,
956 2187 1028 2254 aut,
1051 2190 1092 2242 nt
1110 2176 1208 2245 Weisi·

179 2283 366 2357 ridebatur,
392 2276 504 2342 lesum
532 2298 550 2339 e
572 2276 774 2343 sermonibus
802 2293 835 2342 et
855 2280 980 2365 scriptis
1005 2277 1206 2351 Rabbinom

175 2392 290 2458 iisdem
310 2380 494 2471 repetiisse,
514 2404 557 2446 ex
576 2382 690 2469 quibus
707 2385 841 2471 posthac
864 2383 1113 2455 Talmudistas.
1143 2387 1204 2457 Mul

176 2512 281 2564 aulem
301 2510 428 2556 eternas
449 2488 512 2553 hac
533 2490 846 2576 denominatione,
867 2494 983 2579 partim
1010 2508 1049 2557 ut
1073 2496 1202 2562 obstem

175 2623 283 2671 remur
305 2621 325 2661 a
344 2595 440 2659 solito
458 2595 642 2661 rabbinicos
663 2596 755 2661 locos
779 2598 941 2661 doctrinae
961 2597 1051 2664 lesu
1078 2605 1202 2690 quodne

156 2710 270 2776 'modo
293 2703 520 2789 aequiparandi
541 2705 664 2787 paurim
682 2725 719 2767 ac
732 2701 872 2781 levitate,
891 2705 1059 2772 interdum
1077 2711 1125 2774 ad
1138 2712 1199 2773 inter

173 2813 384 2901 pretationem
411 2808 588 2889 juvandam
607 2829 720 2895 parum
741 2809 833 2887 utili,
862 2828 974 2872 verum
999 2813 1045 2876 ad
1068 2829 1158 2879 recte
1173 2833 1198 2876 a

178 2916 369 2983 elimandam
387 2910 468 2976 lesu
486 2931 555 2975 rem
579 2914 660 2976 adeo
681 2918 798 2989 noxia3
826 2916 939 3000 partim
963 2928 1002 2977 ut
1025 2919 1110 2984 inde
1131 2919 1204 3002 magl

173 3038 422 3111 agnosceremus
443 3014 533 3081 Pam.
555 3016 633 3081 Jesu
653 3023 896 3104 praestantiam
926 3019 1014 3085 hanc
1037 3028 1133 3092 enirn
1149 3038 1209 3097 rea

49 3152 58 3159 ·
172 3130 249 3195 elicit
269 3123 399 3189 Brouw
422 3127 462 3204 ³⁰)
488 3138 675 3209 „nunqnam
705 3122 897 3188 luculentius
921 3145 1110 3211 apparere,
1139 3098 1220 3245 qual

172 3237 204 3299 ιί
222 3253 278 3297 eas
297 3228 445 3305 conferas
466 3249 536 3293 eum
559 3252 643 3315 perr.
635 3226 894 3294 .'l'almudieis“.

251 3333 467 3421 Disciplinam
483 3334 698 3420 parabolicam
718 3349 795 3422 post
814 3334 979 3401 Christum
1004 3342 1113 3409 etiam
1131 3344 1194 3407 aar

167 3457 233 3509 um
254 3444 289 3506 in
306 3438 491 3505 Palaestina
510 3440 613 3505 fuisse
632 3453 788 3519 testatur,
810 3455 936 3527 practer
953 3444 1077 3529 ipsum
1095 3448 1177 3515 Tala

167 3551 259 3626 dem,
284 3545 563 3630 Hieronymus
583 3548 617 3610 in
640 3544 764 3611 Comm.
788 3547 828 3611 ad
850 3542 909 3609 Mt.
932 3553 987 3611 18.
1008 3551 1090 3621 ubi:
1111 3552 1190 3636 „fara

164 3652 246 3719 liare
266 3664 326 3729 est,
347 3650 459 3735 inquit,
480 3650 571 3735 Syris
591 3665 625 3715 et
638 3654 779 3716 maxime
794 3649 1008 3734 Palaestinis,
1031 3663 1079 3727 acl
1101 3674 1188 3727 omna

164 3746 344 3825 sennonem
368 3775 462 3821 saum
479 3750 654 3845 parabolas
680 3762 841 3844 jungere,
867 3770 920 3837 at,
950 3765 1046 3847 quod
1071 3789 1129 3855 per
1145 3767 1188 3830 sir

170 3923 374 3950 ..uun—¹·-

160 3984 238 4103 ἂψ.
250 4039 269 4088 Ι.
287 4053 313 4100 p.
332 4038 382 4087 m
402 4048 439 4086 ιι.
456 4060 490 4072 -
522 4036 566 4101 29)
580 4034 688 4086 ilahhini
706 4035 770 4099 nar,
791 4032 878 4103 Abla,
900 4040 1064 4106 Sebennei,
1083 4049 1115 4098 R.
1129 4040 1186 4096 looll

147 4109 219 4188 ⁴m,
236 4126 265 4174 a.
285 4125 366 4183 lala,
384 4125 414 4183 Β,
433 4124 516 4176 Ascle
530 4126 650 4177 amera
667 4129 777 4177 Genera
795 4136 829 4178 ιι.
846 4131 973 4183 ΤιιιιΙιΙι.
1000 4164 1034 4177 ...
1071 4141 1119 4198 ³0)
1132 4152 1153 4198 p.
1163 4130 1184 4176 ll
