2496 4718
13 84 348 167 §versutum
384 88 566 161 collatio
590 112 690 159 seusu
710 90 1053 185 psychologicot'
1074 104 1123 169 ita

13 192 104 259 ἱ
124 226 155 269 2.
172 212 208 282 4,
235 206 289 268 30.
319 205 354 269 iv
379 206 455 287 ποίᾳ
474 201 638 296 παραβολῇ
664 198 890 290 παροβαὶλοιαει
913 202 1029 293 obtain
1067 209 1122 277 Ab

13 306 98 367 Q
118 310 247 375 latione
269 320 376 371 autem
394 307 622 393 sensupsych.
642 314 758 393 παραβ.
779 306 936 373 translatu
956 314 1053 379 etiam
1071 330 1124 381 est

12 406 115 479 N
129 416 282 502 ejusdem
302 414 659 496 designationem,
689 416 758 477 sive
778 435 817 476 ea
835 412 873 477 fit
890 418 985 501 signo
1007 424 1123 505 quovis

76 542 229 599 ·:·.erno,
250 524 320 584 sive
338 518 461 583 verbis:
482 540 563 603 quae
585 520 714 605 quidem
731 524 892 606 posterior
908 544 980 586 cum
1001 524 1124 592 solitis-

12 634 77 685 ἢ
113 650 154 693 ,ιιι
184 632 244 705 sit,
278 626 468 691 solitissima
493 626 670 713 uepoptoiip'e
697 625 891 710 significatio
920 632 1045 694 exstitit
1070 654 1123 713 ea,

114 754 169 797 am
198 733 503 817 grammaticam
537 733 755 818 appellemus,
796 747 930 818 quaest
957 735 1121 804 dictum

12 842 79 905 h
101 862 159 919 ,ιιιι
178 840 328 903 adrem
347 856 398 899 ex
421 836 738 900 similitudine
760 839 1001 906 conferens.

142 944 229 1009 -Jsm
248 942 414 1032 permultis
437 941 519 1006 locis
541 942 705 1027 ambigere
726 947 865 1029 poteris,
894 959 1001 1011 utrum
1022 947 1123 1017 colla·

12 1098 14 1103 -
71 1070 192 1117 -onem
215 1055 341 1139 ipsam,
375 1052 600 1133 imaginationi
627 1048 874 1130 obversantem,
910 1072 953 1115 an
977 1056 1131 1138 ejusdem

11 1160 347 1243 {assignationem
368 1160 476 1241 itaque
498 1157 633 1233 dictum,
654 1152 793 1218 voluerit
814 1159 966 1244 scriptor:
991 1174 1020 1224 et
1039 1162 1124 1229 mul·

11 1316 44 1333 r.
79 1286 112 1353 ,ι
128 1266 257 1351 quidem
278 1264 360 1326 locis
383 1266 419 1327 in
441 1260 593 1346 ambiguo
611 1264 733 1347 poteris
752 1260 951 1349 relinquere,
982 1289 1055 1332 cum
1073 1271 1124 1335 in-

11 1372 195 1463 ·ffirrdum
215 1392 320 1454 neque
343 1371 477 1455 scriptor
496 1372 568 1453 ipse
590 1366 772 1431 alterutrius
795 1370 917 1454 (psych.
938 1370 992 1437 vel
1014 1394 1122 1459 gram-

11 1518 64 1567 ἡ
83 1479 166 1557 rat.)
196 1474 441 1560 significationis
463 1495 596 1560 prorsus
618 1476 768 1538 conscius
794 1474 856 1539 sibi
884 1480 943 1541 sit:
981 1480 1016 1543 id
1037 1476 1147 1567 quod‘

38 1579 169 1665 „robis
188 1602 314 1668 quoque
333 1602 561 1667 nonnunquam
582 1583 726 1647 accidere
744 1584 1045 1664 animadvertemus,
1065 1587 1123 1654 ubi

11 1670 156 1787 *dem
175 1687 368 1754 vocabulum
388 1688 576 1753 dixerimus.
619 1685 669 1751 Ita
684 1670 845 1774 plerisque
866 1688 1122 1758 Commentario·

27 1818 142 1889 ¹¹¹rum
162 1792 198 1859 S.
216 1794 298 1859 locis
314 1797 349 1859 in
367 1796 473 1859 medio
494 1795 555 1856 erit
572 1792 790 1878 linquendum.
831 1791 917 1859 Nam
936 1800 999 1863 etsi
1014 1802 1131 1885 magis.

10 1886 212 1999 {simplex
233 1914 265 1965 et
283 1900 439 1989 populare
459 1901 563 1964 videri
582 1903 704 1987 possit,
727 1900 1120 1996 designationemmopefl.

10 2014 149 2079 ss.voce
183 2020 348 2095 spectasse
382 2009 572 2091 scriptores,
614 2019 722 2069 tamen
750 2025 816 2069 non
842 2009 951 2072 minus
979 2011 1130 2098 simplex·

10 2117 241 2200 gexistimo,
267 2135 325 2178 eos
344 2114 503 2178 interdum
524 2134 591 2177 non
612 2112 832 2191 tamdictum,
857 2135 953 2199 quam
973 2115 1129 2185 collatio·

22 2200 142 2289 *nem
162 2225 268 2307 ipsum
290 2221 514 2303 imaginationi
540 2219 785 2296 obversantem,
820 2221 872 2283 siu
894 2224 992 2289 etiam
1012 2228 1130 2293 minus.

33 2331 241 2407 conscios,
272 2326 416 2388 tenuisse
437 2335 470 2385 et
491 2338 666 2411 spectasse.
709 2323 759 2387 Ite
781 2323 863 2391 locis
884 2326 1120 2396 difficilioribus

12 2436 154 2535 &apud
173 2431 232 2499 Mt.
256 2437 308 2510 13,
331 2435 390 2494 18:
410 2424 558 2495 ἀκούσατε
578 2454 635 2511 την
653 2454 725 2514 παρ
718 2435 797 2498 τοῦ
812 2437 986 2517 σπείροιτος
1007 2448 1040 2498 οι
1060 2441 1119 2501 36:

9 2600 35 2641 a
66 2540 187 2627 φθάσον
210 2540 283 2625 ἡμῖν
308 2536 366 2621 τὴν
391 2562 465 2619 παρ·
490 2563 517 2601 ι
538 2536 671 2613 ζιζανίων
692 2547 725 2599 οι
748 2534 808 2603 Μι.
834 2543 886 2615 45,
911 2544 962 2605 16.
983 2539 1119 2623 ΜιαῚ,

9 2653 124 2749 17.
154 2645 307 2711 facillime
335 2645 375 2709 de
404 2639 900 2729 collationepsyoh„d01psa
920 2649 969 2711 rei
987 2649 1030 2713 ad
1049 2672 1128 2715 rem.

70 2752 209 2820 collatae
227 2755 352 2815 ratione
371 2762 482 2813 mutua
501 2748 604 2834 possit
627 2747 794 2832 explicari
836 2749 896 2815 Sin
914 2764 1021 2819 tamen
1040 2758 1119 2821 sim-

9 2857 224 2965 plicius
216 2858 360 2941 inprimis
392 2855 433 2919 ob
463 2856 589 2919 additos
617 2858 673 2919 τοῦ
699 2858 892 2941 σπείραντος,
929 2888 956 2927 π.
985 2864 1119 2941 ζιζαιιαιιι

9 3008 30 3071 ἰ
9 2920 253 3041 Genitivos,
275 2961 334 3027 tibi
350 2963 486 3041 videtur,
503 2961 544 3025 de
564 2958 748 3027 collationis
770 2964 1002 3049 designatione,
1022 2991 1119 3055 quam

9 3110 27 3199 ᾖ,
67 3076 110 3139 de
128 3069 332 3136 collatione
321 3091 393 3156 rpsa
411 3068 543 3156 psych.,
578 3069 686 3154 itaque
710 3070 750 3133 de
778 3071 899 3134 dicto
913 3073 1118 3143 intellexisse

8 3180 122 3281 hic
145 3178 347 3263 scriptorem.
385 3189 453 3239 tum
472 3171 618 3242 ἀκούσατε
638 3187 670 3237 et
689 3173 806 3260 φράσον
825 3175 891 3240 Ιιιιο
911 3178 1031 3245 dictum
1045 3183 1119 3245 exi·

8 3348 14 3365 ,
68 3289 181 3352 stimes
208 3304 266 3369 pro
296 3282 453 3344 strictiore
476 3287 597 3349 συνίετε.
613 3294 646 3344 et
665 3279 871 3369 decurionem,
906 3284 1022 3367 quod
1010 3307 1118 3371 ipsum

8 3370 13 3378 ⁵
69 3386 268 3473 Origenes
258 3409 293 3451 m
319 3386 394 3450 Job.
417 3395 449 3464 4,
478 3391 530 3451 36.
558 3410 617 3472 pro
644 3387 763 3478 φράσοι
788 3388 962 3453 substituit.
1002 3389 1118 3457 Nemi·

69 3514 167 3581 quam
194 3515 272 3558 vero
300 3492 352 3557 his
374 3491 457 3557 locis
487 3514 530 3555 ex
556 3491 659 3557 solius
688 3515 794 3558 nexus
823 3494 899 3572 (sed
921 3515 987 3558 ιιοιι
1013 3496 1119 3581 verbi)

66 3598 178 3668 indole
201 3599 365 3689 παραβολῇ
394 3597 544 3661 tribueris
574 3598 843 3683 significationem
873 3600 1117 3685 ἀποφθέγματος

67 3728 141 3773 cum
172 3703 275 3772 Wolf.
305 3708 339 3769 in
369 3702 468 3769 Curis
488 3716 521 3767 et
550 3725 621 3768 cum
641 3704 847 3797 Κιιίιιοοιία,Ι
872 3702 925 3767 vel
951 3705 1127 3783 deterrime,

68 3834 140 3880 carn
160 3810 264 3881 Paulo
283 3809 457 3891 Heidelb.,
501 3811 547 3881 its
567 3823 602 3875 ut
620 3810 724 3878 solam
747 3831 815 3875 rem
836 3808 968 3874 alteram
989 3813 1115 3900 signifi·
