2496 4718
966 208 969 215 ·
1007 187 1068 255 ttt

104 357 324 433 b-'l'almudis
345 353 456 437 Pam,
484 373 617 440 prorsus
638 371 704 419 non
722 351 882 442 liquebat,
912 376 975 444 que
996 370 1068 425 ran.

104 470 215 547 ruodo
240 486 313 543 eam
337 466 421 527 inter
447 461 508 526 has
529 473 623 547 atque
645 461 721 527 illas
743 461 824 526 Jesu
843 466 930 533 Part,
953 465 1069 537 simili.

104 600 166 652 zm
192 573 367 637 informare
392 566 455 632 sibi
478 569 656 655 potuerint,
688 580 747 646 „ut
776 571 952 635 communie
975 575 1070 658 orig'o
1163 564 1165 571 ¹

104 683 178 747 uari
199 682 240 743 iis
264 675 352 740 nullo
370 673 467 738 modo
482 674 613 771 possit“
629 674 691 721 ¹⁶·
658 692 692 753 ;
716 675 780 737 uisi
796 673 881 739 forte
902 675 1070 761 splendida

104 791 211 855 aicae
231 783 428 847 litteraturae
448 780 583 845 eruditio
604 778 754 843 fuou1n”
732 800 774 843 ns
798 777 945 846 obvertit.
986 781 1070 851 Nul-
1121 866 1125 872 Ι

105 868 256 981 ‹puidem
280 889 346 952 vidi
364 884 619 963 similitudinem,
647 907 729 970 quae
754 906 820 953 uon
837 889 955 973 partim
968 888 1071 955 lortu'·

104 1000 247 1078 sattim,
275 1006 312 1056 ut
340 989 462 1056 Scholt.
487 992 583 1067 etiam
610 1003 700 1054 notat
716 997 778 1071 ¹⁷),
807 994 882 1057 inde
903 1007 975 1058 orta
995 1016 1071 1087 esse
1151 996 1155 1003 '

104 1118 148 1184 b,
176 1101 263 1188 quod
291 1101 449 1182 imagines
478 1116 521 1165 ex
543 1097 656 1161 eadem
678 1096 747 1161 fere
772 1100 840 1163 vita
859 1104 1070 1167 communiet

104 1232 128 1275 ι
146 1219 265 1295 natura
278 1216 352 1269 sumt
366 1200 523 1267 delectae:
538 1203 624 1266 unde
639 1204 734 1266 etiam
745 1199 1072 1292 Schoengeniplurer

107 1316 223 1381 ndem
243 1309 319 1375 Par.
347 1332 366 1373 e
390 1304 496 1401 Talm.
516 1308 661 1377 conferre
679 1311 820 1394 potuerit
839 1311 1073 1395 quodammodo

104 1444 163 1487 es.
208 1417 273 1482 Sed
293 1417 360 1480 ridi
382 1435 420 1477 ac
438 1417 529 1481 sensi
544 1422 616 1481 eam
635 1434 678 1477 ex
698 1417 747 1478 rei
763 1413 972 1483 illustrandae
992 1418 1071 1485 eub-

104 1540 175 1609 ιιι,
196 1528 245 1593 rei
258 1522 449 1587 illustrantis
467 1523 612 1597 veritate,
631 1519 841 1607 simplicitate,
860 1524 984 1608 vigore,
1003 1524 1072 1591 ool·

104 1637 160 1701 tis
179 1636 215 1699 vi
233 1630 413 1696 illustrante
436 1649 474 1691 ac
493 1624 650 1714 probante
668 1628 1071 1711 dissimilitudinem,

104 1714 168 1806 ιιιΙ
183 1739 342 1826 potuerim
370 1756 437 1799 nou
461 1733 554 1797 illam
575 1735 758 1818 opinionem
777 1733 967 1817 tralaticium
987 1738 1072 1803 indi·

104 1847 130 1909 i.
177 1844 244 1909 Sed
271 1852 450 1927 comparate
479 1861 519 1904 ae
548 1841 662 1902 sentite
690 1840 764 1925 ipsi.
805 1837 858 1905 Aa
883 1863 950 1926 par.
973 1863 1073 1909 sensu

104 1952 154 2031 tle
182 1947 330 2016 aedificio
355 1946 460 2034 (Mt.-
461 1945 514 2031 7)
545 1956 708 2030 comparat
734 1941 938 2029 schoettgen.
958 1952 1001 2027 ²⁸)
1029 1972 1073 2016 ex

104 2056 152 2129 :.h
170 2056 223 2123 ·.R
253 2052 431 2121 Nathano
448 2046 501 2116 23.
526 2050 665 2114 hancce.
696 2047 759 2130 „Si
779 2052 850 2135 quis
870 2064 967 2138 opera
981 2054 1074 2123 bona

104 2176 129 2231 rt
152 2162 347 2248 mtdtumque
375 2162 410 2223 in
433 2157 507 2243 lege
527 2157 654 2234 didicit,
680 2157 710 2220 is
732 2154 848 2231 similis
869 2170 918 2229 est
939 2159 1073 2243 homini,

104 2272 236 2343 domum
256 2269 304 2344 ita
324 2267 471 2342 exstruit,
492 2274 528 2327 ut
545 2262 681 2327 inferius
700 2283 783 2325 saxa
801 2277 911 2347 ponat,
933 2267 975 2329 iis
996 2277 1072 2334 vero

104 2397 145 2455 aa
164 2370 316 2441 laterales
336 2373 490 2457 imponat.
530 2368 624 2433 Licet
643 2369 846 2455 postmodum
868 2386 970 2456 aquae
990 2374 1073 2440 mul-

104 2485 244 2551 ueuiant
271 2489 303 2555 et
330 2478 371 2540 ad
398 2474 646 2562 latus-ipsorum
666 2476 860 2553 consistant,
889 2487 996 2543 tamen
1015 2481 1074 2549 illa

105 2628 109 2635 ·
133 2605 265 2663 movere
292 2604 359 2660 non
380 2594 526 2669 possunt.
568 2580 676 2646 Homo
698 2599 793 2647 vero:
819 2585 874 2668 qui
895 2583 1075 2655 nonhabet

104 2714 259 2781 ,opera
255 2687 469 2773 multumque·
473 2687 541 2773 legi
562 2709 690 2774 operam
708 2689 810 2766 dedit,
828 2688 944 2755 similis
962 2703 1013 2757 est
1030 2697 1074 2774 ei,

104 2800 215 2889 [quod
238 2814 350 2884 parum
370 2795 497 2879 quidem
516 2792 683 2859 credibile!
690 2794 703 2878 )
721 2793 854 2859 inferius
868 2793 986 2863 lateres
1007 2800 1076 2867 eol·
1080 2870 1083 2874 Α

104 2921 137 2989 t,
162 2909 205 2971 iis
235 2923 312 2978 vero
342 2920 425 2963 saxa
449 2901 609 2987 imponat3
640 2901 669 2962 si
690 2920 792 2985 aquae
813 2903 933 2966 sensim
952 2916 1074 2973 tantum

104 3017 240 3089 uiuat„
242 3010 350 3073 statim
366 3004 456 3085 illam
473 3012 652 3101 extenuant
688 3002 740 3069 Ad
756 3009 918 3091 operarios
930 3011 965 3074 in
976 3013 1073 3079 uinea

104 3128 221 3208 perant
241 3117 285 3194 3⁹)
306 3135 377 3176 eam
394 3109 489 3190 Pan,
515 3133 610 3198 qnam
630 3110 833 3196 Seringham.
851 3113 897 3199 2'0)
918 3136 962 3179 ex
979 3115 1085 3186 Germ,

104 3229 300 3301 poss-‚tracta
316 3213 582 3315 Beraeot‘gdedit:
619 3214 700 3279 Cum
734 3213 774 3282 R.
800 3215 886 3282 Abia
917 3221 941 3287 1.
973 3220 1075 3289 Chiae

104 3480 202 3532 trouu.
227 3490 249 3538 ιι
271 3475 314 3524 83.
335 3498 369 3513 -
403 3470 452 3544 17)
474 3482 502 3536 ιι.
517 3450 560 3524 71.
592 3474 664 3523 Num
686 3474 802 3540 mettius,
827 3488 902 3538 qaam
919 3478 988 3538 qood
1005 3494 1073 3531 non.

105 3584 123 3621 e
144 3562 209 3629 eju&
227 3578 313 3628 perr„
341 3565 427 3625 speeie
445 3565 560 3628 quidem,
586 3565 661 3628 allis,
684 3565 774 3625 quibus
790 3566 845 3626 Jam
870 3572 931 3618 aute
947 3582 1007 3621 eom
1033 3572 1076 3622 orl

104 3660 205 3725 lJudd.
224 3655 349 3721 magian,
367 3655 461 3718 simlia!
481 3657 592 3719 tuerint,
605 3670 646 3726 ‘ex
663 3655 784 3705 iisdem
800 3658 1077 3713 seilicetlontibue

110 3732 198 3809 ttae,
217 3748 264 3796 sed
281 3747 383 3809 saepius
402 3752 488 3796 tamen
506 3746 543 3795 ita
556 3746 686 3810 dispares,
705 3753 826 3806 quantum
843 3762 908 3808 pura
924 3755 951 3799 et
969 3751 1076 3814 limpida

104 3872 107 3888 .
127 3841 231 3887 differat
256 3816 272 3884 d
294 3837 387 3886 limosa
410 3841 436 3886 ct
454 3839 614 3899 turbulenta,
644 3836 759 3896 quamvis
781 3838 869 3887 eodem
886 3851 901 3887 e
916 3839 1005 3906 fonte,
1029 3840 1076 3888 sed

106 3930 183 3980 alium
205 3929 310 3977 nauata
321 3943 464 3989 personant.
483 3952 518 3965 -
553 3926 597 3986 18]
623 3927 711 3976 Horae
738 3927 819 3977 tulm-
832 3943 857 3988 p.
877 3930 995 3980 8η-
1030 3929 1076 3989 19)

105 4021 179 4075 ttcot.
192 4032 226 4080 p.
245 4018 306 4069 105.
327 4018 474 4071 weiriosl.
490 4019 509 4073 l
527 4033 570 4080 1.,
573 4018 682 4067 177.-
714 4017 761 4082 20)
786 4018 945 4075 1ιι,.1)ιιιιιιιι
963 4019 1076 4079 interpr.

118 4108 294 4164 sanctona.
310 4108 370 4159 ott
453 4158 457 4165 ,
487 4158 491 4165 ,
551 4126 554 4131 ·

1090 4352 1206 4458 Γ
