2496 4718
327 892 873 1102 senuaar

508 1245 676 1263 m

173 1460 309 1563 Operti
339 1464 532 1539 vitate-iuteo
559 1459 1017 1541 onomathoteram

66 1578 315 1683 Παραβολῆς
344 1586 676 1685 fimittinommque
720 1580 912 1691 nominum
948 1576 1121 1673 definit&

433 1729 482 1777 oo
507 1700 752 1803 comparatae.

67 1905 194 2059 Quae
215 1966 321 2033 studia
340 1966 456 2033 ‹lileota
476 1985 556 2043 noa,
578 1962 796 2039 Amicissimi‚
820 1962 861 2027 ad
880 1959 983 2027 libror
1005 1986 1118 2037 aaaron

64 2074 333 2137 consociaverunt
359 2076 395 2137 iu
419 2072 503 2137 hano
524 2092 694 2145 eoronam,
730 2070 772 2133 iia
795 2067 886 2131 nulla
908 2090 961 2133 res
982 2074 1122 2155 gratior,

63 2178 155 2243 nulla
174 2180 316 2247 sanctior
337 2178 447 2241 offerri
465 2190 583 2262 potest,
603 2197 699 2262 quam
717 2196 768 2254 ea,
787 2197 869 2261 quae
882 2177 954 2259 Jam
972 2177 1015 2241 iia
1031 2190 1115 2259 esto,

61 2282 179 2362 velim,
208 2287 386 2371 proposita.
438 2280 530 2359 'Quid
549 2286 636 2348 euim
658 2285 822 2367 gratius
839 2283 962 2347 animia
983 2286 1117 2365 nostrin,

62 2411 160 2477 quam
187 2388 422 2453 Parabolae
448 2388 567 2468 Jesa,
606 2390 682 2455 iuda
712 2410 733 2453 a
752 2390 890 2477 pueritia
914 2386 1009 2453 nobis
1034 2378 1122 2455 dila·

62 2494 249 2579 otiseimael
272 2493 360 2570 Quid
378 2499 585 2574 sanetius,
606 2518 701 2583 quam
717 2492 916 2573 Parabolae‚
940 2516 1022 2581 quae
1039 2492 1116 2563 au'ut

63 2596 228 2667 Christi
247 2602 402 2687 ipsine,
425 2611 457 2663 et
475 2623 558 2687 quae
576 2623 636 2688 pro
661 2600 995 2667 Christianorum
1014 2596 1115 2667 eon·
1233 2674 1236 2679 ,

62 2711 192 2777 oiono
220 2707 317 2773 nobis
343 2719 437 2771 erunt
465 2706 674 2792 explicandae
701 2711 849 2795 vitaeque
874 2706 988 2771 unibus
1009 2707 1114 2794 adpli-

61 2814 207 2879 eaudael
231 2813 340 2890 Quare
360 2817 459 2893 omni,
482 2834 544 2899 quo
569 2815 620 2878 fas
644 2826 704 2894 est,
725 2826 758 2877 et
776 2836 886 2878 arnore
907 2826 938 2877 et
954 2812 1114 2899 religiono

64 2917 128 2981 hae
152 2918 234 2983 Jeru
259 2918 440 2985 Parabolos
464 2921 714 2985 consideremus.
770 2918 883 3005 Ipsum
901 2930 1009 2985 autem
1030 2920 1113 2990 illud

63 3024 205 3089 oratoria
230 3029 314 3089 raeti
342 3024 484 3092 officium
509 3020 582 3089 oum
606 3020 692 3091 haue
712 3022 808 3089 nobie
830 3038 990 3111 proponat
1013 3048 1112 3115 qnae·

61 3129 224 3225 ationemz,
244 3130 298 3217 qui
315 3127 547 3211 Parabolarum
561 3128 643 3217 Jesu
659 3126 733 3193 lieri
752 3126 869 3195 debeat
888 3150 1007 3209 usut3
1030 3133 1113 3203 haeo

59 3247 174 3321 autem,
194 3237 342 3323 quaestio
368 3236 525 3327 (itemque
552 3236 652 3323 hujua
678 3255 818 3301 ooronao
843 3236 947 3322 ratio)
969 3236 1115 3327 postulet

60 3344 197 3413 alteram
217 3345 319 3417 hano:
357 3366 439 3432 quae
458 3344 533 3411 fieri
557 3344 675 3419 debeat
694 3342 878 3409 earumdem
895 3342 1113 3429 interpra-

60 3456 184 3528 tatio;
210 3464 307 3541 atque
323 3471 397 3516 oum
413 3462 548 3538 utraque
563 3472 679 3517 rursus
699 3460 851 3535 tanquam
870 3447 1112 3517 fundamentum

59 3572 177 3650 ponent
195 3559 299 3625 haue:
320 3576 479 3647 quaenam
500 3559 545 3621 'ait
563 3556 746 3620 earumdem
767 3564 933 3621 natura:
952 3560 1112 3643 praetori·

59 3674 161 3757 ptam'
175 3665 271 3731 nobie
289 3666 438 3731 videmur
452 3652 647 3751 'tripertitam
668 3660 789 3727 hanone
812 3661 920 3747 operia
940 3664 1109 3731 rationem.

147 3770 221 3837 Jam
240 3768 358 3836 vellem
380 3770 534 3835 adeaaent
553 3765 671 3847 nobis,
710 3767 766 3854 qui
784 3765 845 3832 han
866 3788 981 3835 omnen
1000 3782 1111 3855 parter

59 3875 123 3944 vel·
144 3875 328 3943 alterutram
353 3873 604 3960 singulatim
630 3884 662 3937 et
685 3872 970 3959 singulariter
988 3886 1112 3961 pertra-

62 3985 236 4063 ctaverint,
271 3996 304 4049 et
325 4002 407 4069 quoa
426 3981 488 4049 hae
509 3983 545 4046 in
563 4002 600 4046 re
621 3982 720 4049 duces
741 3984 836 4071 aequi
856 3992 960 4047 tutam
978 3992 1012 4044 et
1032 3980 1113 4045 ratio

748 4088 782 4155 A
