2496 4718
1029 190 1091 239 xm

55 380 175 457 usque
198 356 250 431 ad
280 352 546 447 novissimam,
579 366 693 463 quam
718 342 846 459 labore
867 366 988 461 paene
1004 367 1108 459 pcr-

58 508 142 571 acto
162 505 293 567 nactus
315 513 440 577 eram,
468 462 735 561 Batavorum
718 503 920 579 Juvenum,
943 472 1096 557 lilrere'
1211 484 1214 489 '

59 656 103 706 ac
126 633 313 704 sincere
339 590 649 723 explorasse,
674 617 979 711 adhibuisse,
1011 640 1099 691 curn

58 766 195 843 Schola
209 768 256 855 -l.,
275 776 358 849 tum
384 762 526 859 passim
543 781 612 857 per
632 756 811 845 libellum,
838 766 917 869 turp¹
937 756 981 845 in
1002 754 1108 869 Wi':

57 905 164 978 neri
202 876 443 1001 ephemeride
478 894 592 967 theol.
631 864 867 995 propediem
891 891 1098 989 proditura,

60 1030 363 1125 aestimasse,
381 1028 846 1129 componendoautem
863 1028 903 1101 in
925 1028 1097 1103 libello

61 1197 137 1247 non
170 1186 248 1247 tam
279 1136 345 1259 id,
380 1166 480 1267 quod
513 1163 810 1263 splenderet,
848 1188 960 1265 quam
988 1166 1107 1281 -quod,
1227 1154 1231 1161 ⁵

61 1284 226 1401 verum
254 1305 449 1389 etutile
477 1314 598 1391 esset,
625 1314 893 1401 spectasse,
924 1300 1100 1415 ideoque,

61 1468 157 1545 quae
185 1442 403 1517 difficiliora
437 1432 487 1513 ad
514 1436 783 1537 reperiundum
810 1439 961 1537 fuerant
986 1446 1100 1537 (ute

60 1605 197 1678 genere
234 1576 424 1677 psychol.‚
464 1575 640 1675 philolog.
677 1575 742 1665 al.)
773 1585 851 1649 tam
882 1578 1106 1677 simpliciter¹

59 1719 249 1815 proferre,
281 1726 324 1785 ut
349 1712 516 1785 facilia
500 1735 580 1803 Jam
602 1710 840 1798 viderentur,
872 1734 985 1809 quam
1009 1716 1104 1823 faci-

61 1854 158 1924 liora
176 1849 333 1933 eruditis
358 1869 403 1921 ac
423 1845 595 1923 facundis
617 1846 745 1931 uerbis
767 1858 946 1944 tauquam
968 1816 1114 1927 ιιὶιιιΙιο
1107 1820 1149 1847 ’

62 1989 223 2087 operire,
239 1984 430 2074 maluisse,
451 1982 761 2079 recordatum'que
775 1982 976 2079 Augustini
994 1987 1101 2077 illud,

61 2121 166 2222 quod
191 2123 241 2196 ad
267 2122 349 2195 Par.
375 2118 425 2195 de
448 2120 593 2195 Lazaro
613 2117 830 2205 adnotavit:
856 2123 1060 2233 „rcellus”
1041 2138 1102 2209 est

63 2260 241 2334 dubitare
262 2259 312 2334 de
337 2258 510 2346 occultis,
531 2279 644 2356 qoam
667 2257 814 2351 litigare
838 2255 886 2330 de
910 2261 1103 2367 incertis‘g

62 2397 112 2470 ab
145 2372 325 2471 audacter
367 2391 646 2490 conjecturandi
691 2395 813 2466 nitore
856 2395 1115 2491 abstinuissem

64 2543 308 2631 spectasse
332 2552 423 2605 vero
445 2528 625 2629 simul-id
649 2532 907 2629 potissimum,
934 2535 1102 2630 utjuve.

63 2668 175 2743 niles
190 2648 373 2785 mentes
402 2666 682 2764 animosque
713 2668 847 2766 ipsos
884 2673 1102 2775 appella-

57 2830 179 2894 rem,
214 2807 285 2927 rei
289 2814 456 2919 sanctae
489 2806 745 2915 conciliarem,
786 2819 827 2877 et
856 2808 1108 2905 quodcunque¹

65 2941 238 3013 intimo
255 2910 455 3039 pectori
486 2958 707 3037 persuasum
741 2939 870 3014 deca
904 2955 1003 3035 erat,
1044 2947 1104 3021 his

68 3087 149 3197 tam
188 3078 391 3170 ingenue
431 3100 548 3174 quam
588 3076 805 3153 modeste
844 3056 1105 3203 persuade-

65 3186 182 3289 rem:
207 3239 280 3329 quo
308 3217 456 3310 fervore
482 3217 660 3325 abreptus
687 3220 720 3291 si
747 3240 904 3321 usquam
927 3221 1114 3321 fidentius

67 3363 107 3426 et
131 3351 346 3445 ardentius,
370 3377 482 3453 quam
499 3356 636 3451 juveni
655 3380 725 3455 par
752 3371 853 3446 erat,
883 3372 1024 3455 contra¹
1040 3362 1113 3437 ab·

65 3510 157 3587 usus
178 3490 364 3589 quosdam
388 3497 446 3584 (ut
460 3493 647 3589 poetieam
670 3490 934 3594 παράφρασιν,
957 3476 1113 3593 allegor.

65 3628 437 3745 interpretationem,
467 3628 699 3703 talmudicar.
732 3630 833 3705 Parr.
860 3636 1116 3732 comparatio--

65 3782 156 3834 nem
181 3765 249 3879 al)
269 3735 454 3836 dixerim:
481 3748 699 3861 opiniones,
723 3788 799 3843 non
825 3769 1019 3881 lrornines,
1041 3790 1116 3863 ιιιι-ι,

69 3909 172 4013 tatas
201 3894 307 4013 volui
328 3911 441 4011 atque
475 3901 665 4007 Ernestii,
686 3902 856 4007 Herdoni
869 3888 1015 4007 alipsse
1040 3906 1114 4001 dtr-¹

67 4036 180 4147 etpris
195 4035 361 4141 senioris
380 4036 565 4131 judicium
587 4037 761 4143 adjunxi,
777 4041 1028 4163 omninoque
1029 4068 1117 4137 ιιι
