2496 4718
187 132 249 203 186

183 306 316 385 rus⁴).
362 299 535 365 Grotius
567 302 607 365 ad
632 298 691 367 blt.
714 308 765 367 ta.
797 304 1055 387 (quodammodo
1077 304 1160 423 ut'llr¹
1180 314 1241 383 Sci

180 407 305 500 pbyl.):
334 409 504 494 „Aequum
527 421 684 484 nonest,
714 410 833 495 inquit,
867 427 904 474 ut
925 413 1004 475 istis
1023 396 1159 498 (quisibi'
1181 424 1228 491 dp

182 517 299 583 dentur
318 539 405 597 σοφοι
425 541 452 580 rr.
475 517 606 597 coartor)
627 515 777 601 quarrrdiu
791 516 919 601 pridem
941 518 1020 582 data
1039 520 1119 582 etad
1138 546 1141 571 τ
1174 511 1248 595 ’Μ

180 636 249 691 tem
264 622 450 687 necessaria
467 619 635 684 fastidiose
652 633 816 706 respuunt,
839 620 908 685 alia
924 626 1081 709 ingeram.
1094 660 1127 671 —
1176 673 1178 686 ι
1198 657 1221 700 ,
1243 667 1248 693 ,ι

181 727 352 795 obscurius
374 728 416 790 ad
444 724 520 789 illos
540 724 675 811 loquor,
706 747 748 789 rte
768 731 957 811 posteriora
981 729 1150 816 intelligant
1174 763 1201 777 -ι

181 839 236 924 qui
262 834 372 922 priora
402 829 490 896 clare
513 833 681 918 proposita
709 834 744 895 in
768 836 914 900 animum
940 838 1099 901 admittere
1113 858 1140 899 uo
1191 855 1232 912 *e

180 947 291 1005 runt“.
329 938 504 1025 Ingeniose
524 939 584 1002 sed
603 940 693 1002 mire.
737 939 942 1026 Lanrpius
973 945 1016 1007 ad
1037 943 1098 1008 Joh.
1115 946 1145 1018 tt,
1180 951 1240 1018 tid„

180 1045 331 1111 similiter
354 1066 393 1110 ac
415 1042 653 1131 Theophanes,
677 1047 735 1109 sed
756 1046 908 1111 uberius:
941 1047 1147 1126 „Ratiouerl'

179 1153 318 1217 instituti
341 1155 389 1238 (p.
412 1150 503 1216 Parr.
526 1152 696 1236 docendi):
716 1188 761 1203 --
780 1166 815 1218 ut
839 1175 921 1217 suos
946 1157 1138 1220 adsuescere
1186 1158 1241 1229 fine

180 1259 233 1324 vis
255 1259 330 1324 data
351 1260 521 1323 occasione
549 1279 569 1321 a
595 1258 802 1325 terrestribus
827 1260 929 1326 rebus
951 1262 1062 1327 obviis
1189 1285 1248 1357 mg:

180 1367 325 1431 ananum
347 1365 388 1429 ad
411 1363 713 1452 contemplationem
743 1388 851 1432 rerum
882 1367 1133 1433 coelestium
1189 1376 1244 1451 ottf

180 1507 223 1521 —
240 1485 308 1535 tum
322 1485 357 1535 ut
377 1474 575 1556 mysteria
590 1469 697 1557 Regni
706 1470 745 1536 C.
763 1494 871 1539 coram
887 1473 1072 1549 incredulis
1085 1468 1135 1554 ιμ’·
1186 1476 1235 1544 dar

180 1576 409 1644 Ernestius
423 1581 467 1656 ⁵):
489 1576 595 1657 „alter
617 1576 736 1661 (Parr.)
756 1601 836 1643 usus
856 1582 892 1643 in
920 1583 1065 1667 quadarn
1085 1567 1130 1643 lh
1191 1594 1247 1666 gete

181 1685 302 1749 divinis
323 1684 485 1768 cogitandi
510 1687 740 1749 exercitatione
765 1698 796 1748 et
819 1688 913 1771 quasi
943 1686 1111 1774 disciplina,
1233 1696 1238 1710 ‘

182 1793 219 1856 in
247 1790 376 1855 insidiis
408 1810 454 1854 ss.
487 1791 660 1876 prudenter
695 1802 727 1856 et
755 1793 825 1855 sine
853 1793 1027 1857 doctrinae
1058 1792 1131 1858 d'w
1246 1828 1248 1857 t

181 2431 349 2522 explicare
370 2434 522 2497 tentavit:
549 2446 609 2510 „ut
629 2433 804 2516 imaginem
834 2434 1005 2521 videntes,
1033 2457 1112 2514 reru,
1131 2455 1178 2496 r¹
1220 2433 1235 2490 i

179 2542 292 2639 imago
315 2550 396 2619 erat,
415 2560 481 2603 non
501 2539 737 2625 perspicerent,
759 2551 791 2602 et
814 2516 913 2605 verba
935 2544 1066 2629 quidem
1083 2563 1134 2608 aur
1149 2525 1162 2586 ἶ
1224 2531 1247 2596 J

181 2634 243 2716 sed
265 2667 402 2736 quorum
430 2626 602 2710 consilium
631 2655 663 2707 et
687 2665 821 2709 sensum
847 2667 927 2713 non
950 2669 1185 2738 assequer
1210 2636 1241 2703 d

182 2768 272 2835 tur,
297 2777 345 2819 au
365 2754 477 2819 forte
497 2757 555 2831 (at
571 2746 678 2816 ibi'
638 2777 769 2836 μηποτε
761 2752 922 2833 !)hac'
890 2775 948 2818 vra
962 2757 1006 2821 ad
1021 2769 1161 2831 mentem
1222 2747 1246 2844 tl

182 2864 315 2929 tandum
336 2863 410 2927 duci
431 2873 464 2925 et
485 2861 615 2924 veniam
644 2860 799 2944 consequi
822 2862 962 2947 possint.
1004 2865 1058 2931 Eo
1082 2853 1170 2934 enin
1242 2860 1248 2884 '

112 2960 116 2967 ¹
140 3020 145 3025 -
181 2958 253 3036 lere
273 2980 401 3057 poterat
422 2967 503 3032 haec
522 2969 623 3046 ratio,
645 2978 681 3029 ut
703 2979 784 3031 tum
805 2970 949 3053 pessimi
967 2976 1089 3062 quiquo
1107 2973 1139 3040 ab
1150 2972 1160 3017 ι

182 3078 291 3144 dendo
325 3073 407 3140 Jesu
435 3111 474 3123 -
502 3096 562 3161 per
595 3075 760 3140 doctrinae
794 3072 1028 3145 obscuritatem
1064 3105 1132 3148 arce
1148 3103 1170 3132 ἰ’

182 3162 298 3267 (immo
319 3184 361 3246 ad
378 3181 413 3245 id
432 3182 559 3245 incitari
579 3182 626 3243 ita
640 3181 847 3264 poteraussl),
872 3194 953 3247 tum
975 3185 1036 3253 alii
1056 3225 1101 3240 -·
1118 3166 1183 3277 perd
1247 3218 1248 3243 ;

182 3291 352 3375 nigma-ad
371 3288 609 3352 meditationem
623 3296 918 3354 converterentur&
950 3292 1162 3383 lngonjosius,
1190 3324 1193 3329 ·

186 3404 299 3463 nescio
318 3416 427 3482 annon
443 3392 665 3483 probabilius,
688 3391 919 3463 'l'hiessius
940 3408 974 3480 ⁷)
1002 3407 1045 3471 de
1075 3407 1160 3474 hoel

183 3507 325 3595 ,Μυκη
352 3501 451 3567 Jeme
480 3501 566 3567 acolt
595 3501 685 3566 diere
713 3499 906 3591 Bemrtung
938 3510 1068 3597 (durch
1089 3519 1159 3584 Par,
1210 3546 1215 3563 .

190 3602 269 3682 Vota
288 3607 520 3697 adfundellerr)
550 3613 708 3677 oereitelt
727 3611 788 3677 aad
812 3615 894 3698 (i),
928 3638 1042 3707 rogar-
1063 3626 1140 3695 dau
1155 3627 1181 3691 ι’
1220 3694 1224 3703 Ι

183 3755 393 3780 ana-⁶¹⁸⁸·-

182 3805 635 3872 4)AnalectamEvr.17t5tt.-
672 3811 863 3867 5)comment
886 3811 919 3860 de
938 3829 994 3869 ιιιιι
1016 3824 1093 3875 vit„
1112 3839 1176 3878 comm
1204 3832 1210 3855 ·-

184 3899 219 3948 sd
242 3899 321 3959 iutpr.
347 3898 430 3947 N-T.
454 3897 491 3963 (ν.
519 3904 629 3959 Opurcc.
654 3901 826 3968 Theoliffl)
862 3902 1215 3970 ti)retulit13120kwruur.

184 3989 259 4039 critt.
279 3992 307 4040 S.
326 3989 358 4036 N.
376 3988 406 4035 Τ.
423 3986 481 4054 (eti.
500 3991 605 4057 wattit)
592 3992 648 4055 ).p
667 3994 784 4043 274.-
819 3988 845 4058 7)
862 3993 942 4054 Krit
964 4005 1115 4080 comm
1130 4008 1196 4063 μ’..

186 4077 423 4163 Quill.-

232 4374 245 4437 i
