2496 4718
156 83 199 151 16

101 312 104 317 .
154 249 289 342 generis
306 243 454 315 diduetioi
472 242 557 331 quod
579 259 716 324 roeant,
738 246 844 310 modis
866 245 987 311 dietum
1009 261 1045 313 et
1067 252 1215 335 quodum·
1246 285 1248 342 3

155 358 266 426 modo¹
282 354 394 439 generi
423 349 524 435 lyrico
555 367 649 442 'tanqu
675 354 858 439 oppositam
887 351 995 416 luisse
1021 361 1217 421 moenum
1246 393 1248 424 .

57 505 62 513 .
154 460 372 539 Michaeliffl).
413 456 588 544 speciatim
611 470 718 521 urrtem
740 458 780 521 de
803 457 964 541 singulari
975 457 1059 539 illu,
1076 464 1116 525 iu
1134 485 1217 549 quan

155 589 221 636 nos
240 568 431 655 inquirimus
453 560 639 628 collationis
661 565 769 648 speeie
792 565 911 629 ‹lioturn
927 585 1003 630 esse
1019 568 1172 649 videtur,
1191 584 1218 631 ιι
1245 579 1248 656 ξ

156 671 247 741 aral).
269 672 333 739 lun
353 673 394 736 de
411 669 572 733 Lucmuni
589 667 721 735 fabulis.

204 822 208 827 .
237 777 288 843 110
309 779 415 863 igitur
435 786 467 836 et
488 764 520 837 ‘u
541 784 592 851 et,
622 778 669 839 uti
685 796 822 862 prorsus
840 775 988 862 apposite
1009 779 1218 847 reddiderunt

154 882 253 954 LXX
275 897 309 950 et
332 880 377 947 N.
402 878 464 957 Τ,
501 880 663 971 παραβολὴ
686 902 778 946 sunm
802 882 920 968 ubique
942 883 1217 982 significationem

153 993 279 1060 obtinet
306 1012 327 1054 a
357 985 566 1071 finitimisque
594 988 779 1053 nominibus
799 986 884 1053 bene
903 1001 953 1053 est
974 977 1248 1078 distinguenda.

152 1098 222 1165 Sed
243 1098 382 1179 deniqne
404 1095 579 1157 occurrerit
598 1097 756 1181 quispiam
777 1106 919 1159 restrum
938 1092 1159 1165 Platonicus.
1190 1112 1217 1164 at
1244 1063 1248 1168 l

88 1242 92 1249 -
152 1223 309 1291 quorsum
330 1200 464 1286 eopiosa
484 1197 564 1263 haee
583 1199 755 1265 verborum
776 1200 959 1265 distinctiol
991 1200 1119 1269 Nonne
1145 1208 1217 1279 sard
1240 1274 1245 1289 ,

153 1303 319 1395 συνθήκην
331 1304 411 1369 haee
423 1307 533 1369 omuiu
547 1317 621 1367 suut
635 1304 841 1391 appellata‘l“
863 1306 963 1386 Esto,
982 1310 1047 1377 sed
1061 1317 1147 1382 etin
1161 1318 1216 1384 hae
1240 1308 1245 1361 i

153 1411 297 1503 maisy
311 1412 424 1496 leges,
456 1411 632 1474 notationis
646 1415 873 1497 potissimum,
910 1418 1128 1501 recutiunt,
1159 1428 1216 1489 etsi
1245 1473 1248 1502 q

150 1525 260 1591 minus
279 1519 440 1585 interdum
463 1517 617 1603 consen.-
651 1514 821 1582 Caeterum
840 1522 876 1583 in
896 1533 1010 1584 nostra
1031 1545 1072 1589 re
1101 1531 1215 1597 distin·

151 1627 273 1716 guendi
288 1644 365 1703 eura
379 1644 419 1687 eo
431 1624 538 1707 magis
552 1642 633 1708 opus
649 1636 728 1703 erat,
741 1636 778 1688 ut
789 1628 873 1691 inter
887 1647 948 1689 nos
961 1641 1048 1692 certe
1063 1634 1105 1699 in
1122 1657 1214 1724 opere

149 1746 263 1801 nostro
279 1728 321 1795 ab
335 1730 428 1794 initio
442 1729 483 1793 de
499 1727 615 1793 horum
630 1733 795 1809 nominum
812 1728 961 1825 συνθήκῃ.
970 1744 1180 1808 conveniret.

157 1890 162 1895 .
235 1837 389 1903 Vidimus
417 1836 519 1918 igitur
543 1846 743 1917 constantem
779 1846 892 1928 παραβ.
925 1837 1214 1929 significationem,

149 1960 188 2014 ut
213 1947 258 2011 sit
277 1940 510 2007 rei.sdrem
528 1940 877 2008 exuimilitudine
893 1943 1093 2029 collatio,
1118 1959 1214 2021 modo

148 2056 266 2141 ipsa,
292 2059 448 2133 quatenus
468 2049 691 2132 imaginationi
715 2046 920 2129 obversatur,
947 2052 1045 2117 modo
1069 2066 1213 2127 oratio

150 2159 287 2226 eandem
305 2156 492 2238 designans.
541 2151 696 2219 Diximus
713 2151 918 2218 collationem
935 2175 976 2220 ex
996 2159 1213 2232 similitu·

148 2267 263 2332 dine.
292 2260 373 2325 haee
391 2261 474 2324 enim
494 2259 679 2327 collationis
705 2273 755 2325 est
774 2261 1016 2327 fundamentum
1035 2286 1077 2331 ac
1099 2277 1214 2340 condi.

148 2374 206 2437 tio.
250 2367 579 2468 Imaginatiouis
604 2380 711 2431 autem
735 2388 809 2430 esse
833 2367 893 2432 hus
916 2367 1130 2477 collationem,
1153 2404 1214 2447 sua

148 2495 308 2565 quemque
326 2473 418 2547 dqeet
441 2493 519 2535 snae
539 2474 656 2537 mentis
676 2470 880 2549 observatam
901 2488 933 2541 et
946 2480 1142 2561 propediem
1159 2508 1214 2554 ao.

146 2584 290 2671 curatius
305 2579 474 2645 ostendere
489 2576 693 2642 tentabimus.
734 2578 798 2645 Hie
812 2582 908 2645 modo
926 2579 980 2645 ab
988 2603 1213 2673 compara.

147 2692 283 2777 tione,
298 2708 389 2775 ¹quae
402 2683 441 2749 fit
453 2706 512 2770 per
530 2682 808 2766 intellectum,
838 2699 930 2751 eraut
944 2688 1210 2775 distinguendae.

155 2854 187 2871 ,.
232 2792 492 2879 Collationis
520 2801 627 2852 autem
652 2789 773 2871 hancce
799 2796 982 2873 notionem,
1015 2817 1116 2880 qnam
1139 2811 1212 2871 ani.

147 2901 375 2968 madvertimus
400 2897 836 2991 nomiue'rrapassdudicari,
862 2900 1149 2986 principalem
1170 2934 1211 2977 ao

75 3004 78 3010 ’
145 3001 391 3095 generalem
419 3005 489 3085 jam
528 3002 662 3071 dicimus
701 3013 837 3067 notum
864 3001 1139 3092 Parabolos,
1172 3019 1211 3084 in

146 3117 243 3202 eujus
266 3121 414 3176 naturam
436 3108 531 3173 uobis
553 3109 755 3195 propositum
779 3120 831 3171 est
850 3112 1022 3198 inquirere.
1067 3114 1126 3183 Ab
1144 3121 1211 3190 hae

144 3230 396 3315 ¹notatapqnam
416 3234 436 3277 a
454 3216 612 3301 principio
632 3212 897 3307 progrediamur,
914 3231 1098 3305 ‚sperantes
1115 3226 1206 3310 fore,

142 3337 182 3389 ιιι
201 3324 264 3407 hoe
279 3321 468 3410 principium
486 3317 604 3405 probet
622 3317 710 3383 finis.
761 3316 827 3383 Sed
847 3323 918 3405 jam
934 3328 970 3389 iu
987 3324 1049 3388 hoc
1066 3329 1207 3399 introitu

143 3427 241 3496 nobis
268 3440 322 3507 est.
341 3424 599 3515 subsistendum,
629 3424 760 3520 et-quid
783 3424 879 3492 vobis
907 3432 947 3495 de
975 3451 1015 3495 ee
1036 3433 1203 3521 videatur,

143 3537 248 3601 umiae
282 3533 516 3619 quaerendum,
555 3516 714 3615 simulque
741 3536 950 3616 rogandum,
979 3548 1014 3598 ut
1042 3537 1077 3601 in
1104 3539 1204 3612 locos

78 3644 85 3665 ¹
142 3641 314 3706 interiores
347 3659 466 3745 eosque
492 3636 685 3722 pedetentim
720 3648 751 3699 et
776 3642 934 3736 gratiores
967 3654 999 3706 et
1026 3649 1203 3728 graviores

143 3748 330 3834 propediem
349 3740 403 3805 me
422 3740 531 3806 velitis
550 3743 709 3805 comitari·

141 3863 352 3881 *Q*-

148 3911 481 3971 &omnisomnis
501 3913 660 3963 &125—
700 3913 789 3978 ⁶5ln.
811 3919 835 3966 8.
854 3917 896 3974 14,
915 3919 948 3968 ed
966 3917 1067 3969 nomm
1086 3919 1106 3973 1.
1125 3922 1200 3975 Ι...

497 4045 500 4050 ·
560 4040 774 4061 am·-
