2496 4718
75 62 118 131 16

72 228 206 321 generis
223 222 369 291 didactiei
387 222 472 309 quod
494 236 630 301 rocam,
653 224 759 289 modis
780 225 901 291 dietum
924 242 960 293 et
982 234 1139 317 quodam·

73 338 173 405 modo
199 334 310 419 generi
338 329 439 413 lprioo
470 346 564 419 'itare
590 333 772 417 oppositum
802 332 907 396 luisre
935 346 1171 423 assenserunt

73 438 288 517 Illiolmeliffi).
328 436 503 523 speciatim
526 448 633 499 etitem
654 438 694 500 de
718 436 878 521 singulari
890 438 973 520 illa,
990 446 1031 507 iu
1050 470 1139 533 quam

72 570 137 615 noa
157 548 346 633 inquirimur
369 540 554 606 collationis
576 544 683 627 aperie
706 544 824 607 metum
841 566 917 609 esre
933 550 1091 633 ridetur,
1112 569 1140 615 ut
1167 566 1171 590 ¹

73 650 164 720 aral).
186 652 249 717 inu
269 652 310 715 de
326 650 487 711 Loemant
504 646 635 711 fabulis.
1167 730 1171 745 Ι

154 756 204 823 lta
226 759 328 843 igitur·
350 766 382 815 et
404 744 435 816 ‘a
456 764 506 825 et,
538 757 584 816 uti
601 776 736 838 prorsus
754 756 902 841 apposite
924 760 1140 829 reddiderunt
1166 768 1171 845 ζ

70 861 170 933 LXX
191 876 225 929 et
248 860 293 927 N.
318 857 379 937 Τ.,
415 859 578 949 παραβολὴ
600 882 693 925 enum
716 860 834 947 ubique
856 864 1138 947 significationem
1166 874 1172 959 ξ

69 972 195 1039 obtinet
221 991 242 1033 a
272 964 481 1050 finitimisque
509 966 693 1031 nominibus
714 966 798 1031 bene
817 982 867 1032 est
888 969 1136 1059 distinguenda.
1166 971 1179 1063 l

69 1078 138 1143 Sed
159 1078 297 1159 deniquo
319 1075 493 1136 occurrerit
512 1076 671 1159 quispiam
691 1086 833 1137 restrum
852 1072 1074 1147 Platonicus:
1108 1098 1138 1148 at
1167 1124 1170 1131 ·

68 1203 224 1271 queratur
245 1180 378 1264 copiosa
398 1177 478 1242 haee
497 1177 670 1244 verborum
691 1180 873 1244 distinotiol
905 1180 1033 1251 Nonne
1060 1193 1137 1261 md

69 1282 234 1373 συνθήκην
246 1284 326 1349 haee
338 1287 448 1348 omnia
461 1295 535 1347 sunt
549 1284 755 1369 appellatal“
777 1286 877 1365 Esto,
897 1291 956 1357 aed
973 1300 1061 1364 etin
1077 1302 1135 1367 hae
1167 1336 1171 1345 .

68 1391 212 1483 συνθήκῃ
226 1392 340 1476 legor,
371 1391 547 1453 notationis
561 1394 787 1474 potissimum,
824 1399 1042 1483 saeculiarum,
1074 1413 1135 1473 etsi

65 1506 175 1571 minue
194 1499 355 1565 interdum
377 1496 509 1561 conscit.
565 1494 735 1561 Caeterum
755 1501 790 1561 in
810 1513 924 1565 nostra
945 1526 983 1569 re
1013 1512 1134 1579 distin.

66 1608 188 1696 gnendi
202 1625 280 1669 eura
293 1625 333 1667 eo
345 1605 452 1687 magis
466 1622 548 1687 opus
563 1616 642 1682 erat,
655 1616 692 1667 ut
704 1607 787 1668 inter
801 1626 862 1668 uos
876 1621 962 1673 certe
977 1615 1016 1679 in
1034 1640 1133 1706 opere
1168 1574 1175 1730 l

64 1727 178 1781 nostro
193 1709 235 1775 ab
249 1711 342 1775 initio
357 1709 397 1771 de
413 1708 529 1771 horum
544 1711 709 1773 nominum
726 1708 868 1804 συνθήκῃ
884 1725 1095 1791 conveniret.

149 1819 303 1883 Vidimus
332 1817 432 1899 igitur
458 1826 657 1895 constantem
693 1826 806 1906 παραβ.
839 1818 1132 1913 rignificationem,

64 1941 102 1995 nt
127 1929 172 1992 sit
191 1924 257 1989 rei
277 1921 424 1985 adrem
442 1920 791 1987 exsimilitudine
807 1923 1005 2009 collatio,
1028 1943 1132 2005 modo

63 2037 180 2122 ipsa,
206 2040 362 2115 quatenus
381 2030 605 2113 imaginationi
628 2026 834 2109 obversatur,
861 2034 958 2098 modo
981 2050 1131 2111 oratio

64 2141 201 2207 eandem
219 2138 406 2220 designans.
455 2132 609 2199 Diximus
627 2131 832 2197 collationem
849 2155 890 2199 ex
911 2140 1104 2216 similitu
1115 2190 1130 2204 .

62 2248 177 2313 diue:
206 2242 287 2307 haee
304 2242 388 2305 enim
409 2239 593 2305 collationis
619 2253 669 2304 eet
687 2241 930 2307 fundamentum
950 2268 988 2309 ao
1011 2261 1131 2323 condi.

62 2355 121 2418 tio.
164 2348 493 2431 Imaginationis
518 2360 625 2409 autem
649 2368 723 2410 osse
746 2347 807 2411 has
829 2348 1041 2437 collationeS‚
1063 2386 1130 2431 sua

62 2477 222 2547 quemque
239 2455 332 2525 docet
356 2473 434 2514 uuae
453 2453 570 2515 mentis
590 2450 794 2528 observati03
815 2468 847 2520 et
859 2461 1053 2543 propediem
1069 2491 1129 2536 ac.

60 2567 204 2632 onratiur
218 2561 388 2625 ostendere
403 2556 607 2621 tentabimus,
648 2558 712 2625 Hie
725 2562 821 2625 modo
839 2560 879 2625 ab
902 2584 1128 2653 compa-ra.

61 2676 198 2751 tion-e,
222 2690 303 2757 quae
316 2664 355 2729 fit
367 2686 426 2750 per
444 2662 722 2746 intellectum,
751 2679 844 2730 eraut
857 2669 1123 2755 distinguendae.

146 2774 406 2843 collationis
434 2783 540 2834 autem
566 2770 686 2836 hancce
712 2776 895 2853 notionem,
928 2798 1025 2861 quum
1049 2793 1126 2854 ani.

60 2885 289 2951 madvertimus
314 2880 750 2971 nomine'rrapessriudicari,
775 2882 1059 2967 principalem
1082 2917 1125 2960 30

58 2985 304 3078 generalem
333 2988 403 3068 jam
442 2984 575 3049 dicimus
614 2994 751 3047 uotam
777 2982 1037 3072 Parabolae,
1083 3003 1123 3067 in

59 3100 155 3183 eujus
179 3104 327 3160 naturam
350 3091 444 3155 uobis
467 3091 669 3177 propositum
693 3101 744 3153 est
764 3093 935 3179 inquirere.
980 3095 1034 3163 Ab
1053 3101 1123 3174 hae

56 3213 309 3291 notatanquam
329 3218 349 3260 a
367 3198 525 3283 principio
545 3195 810 3281 progrediamur,
829 3215 1010 3287 ¹operantes
1027 3206 1118 3293 fore,

56 3320 95 3373 ut
115 3308 178 3373 hoo
192 3304 382 3393 principium
399 3299 518 3389 probet
536 3299 624 3365 finis.
674 3298 739 3365 Sed
761 3306 832 3387 jam
847 3310 882 3370 in
901 3306 963 3371 hoc
979 3311 1119 3382 introitu

56 3410 155 3479 nobit
181 3406 512 3497 attemptandum,
542 3406 673 3490 etquid
697 3406 792 3474 vobis
820 3414 860 3477 de
888 3434 928 3478 eo
948 3414 1115 3503 videatur,

56 3520 161 3585 eutice
196 3515 429 3603 quaerendum,
467 3508 627 3598 simulque
654 3517 833 3599 rogandum
840 3558 863 3598 ,·
891 3531 928 3582 ut
955 3520 990 3583 in
1015 3520 1115 3594 locos

55 3626 228 3691 interiores
260 3642 380 3707 eosque
406 3620 599 3707 pedetentim
632 3631 665 3682 et
688 3624 847 3705 gratiores
879 3637 912 3688 et
939 3630 1114 3711 graviores

56 3730 244 3819 propediem
262 3746 317 3789 me
335 3724 444 3791 uelitis
463 3726 622 3791 comitari·
646 3758 650 3765 ·

54 3846 265 3865 m

60 3896 165 3953 herr.
180 3898 352 3953 Bam.
365 3898 394 3955 4.
413 3898 443 3947 8·
459 3896 520 3947 12⁵.
536 3918 574 3947 -·.·
613 3896 658 3962 65)
673 3912 703 3957 ιι,
723 3902 749 3951 8.
767 3900 809 3958 ld.
827 3902 862 3953 ad
878 3900 980 3953 1⁴0th
998 3900 1018 3954 l.
1035 3902 1055 3953 l.
1072 3932 1110 3948 -.

410 4030 414 4037 ·
472 4004 688 4045 ιιι-*ἱ*-
